@article{reines56,
	TITLE="Detection of the Free Neutrino: A Confirmation",
	AUTHOR="C. L. Cowan, Jr., F. Reines",
	JOURNAL="Science",
	VOLUME=124,
	PAGE=103,
	YEAR=1956,
	DOI="10.1126/science.124.3212.103",
}

@article{PDBook,
	author = {W.-M. Yai et al.},
	title = "{Review of Particle Physics}",
	journal = "{Journal of Physics G}",
	year = 2006,
	volume = "33",
	pages = {1+},
	url = {http://pdg.lbl.gov}
}

@article{Davis68,
	title = {Search for Neutrinos from the Sun},
	author = {Davis, Raymond  and Harmer, Don S. and Hoffman, Kenneth C.},
	journal = {Phys. Rev. Lett.},
	volume = {20},
	number = {21},
	pages = {1205--1209},
	numpages = {4},
	year = {1968},
	month = {May},
	doi = {10.1103/PhysRevLett.20.1205},
	publisher = {American Physical Society}
}

@article{sk,
	author = {Super-Kamiokande Collaboration},
	title = {Three flavor neutrino oscillation analysis of atmospheric neutrinos in  Super-Kamiokande},
	journal = {Physical Review D},
	volume = {74},
	pages = {032002},
	url = {http://www.citebase.org/abstract?id=oai:arXiv.org:hep-ex/0604011},
	year = {2006}
}

@phdthesis{theseopera,
	author = {Murièle LAVY},
	title = {Développement des outils d'analyse et de reconstruction dans OPERA et analyse du canal $\tau \rightarrow$ 3 hadrons chargés}},
	year = {2004},
	school = {Ecole doctorale de Physique et d'Astrophysique de Lyon},
}

@Article{perl75,
	title = {Evidence for Anomalous Lepton Production in $e^{+}-e^{-}$ Annihilation},
	author = {Perl, M. L. and Abrams, G. S. and Boyarski, A. M. and Breidenbach, M.  and Briggs, D. D. and Bulos, F.  and Chinowsky, W.  and Dakin, J. T. and Feldman, G. J. and Friedberg, C. E. and Fryberger, D.  and Goldhaber, G.  and Hanson, G.  and Heile, F. B. and Jean-Marie, B.  and Kadyk, J. A. and Larsen, R. R. and Litke, A. M. and L\"uke, D.  and Lulu, B. A. and L\"uth, V.  and Lyon, D.  and Morehouse, C. C. and Paterson, J. M. and Pierre, F. M. and Pun, T. P. and Rapidis, P. A.},
	journal = {Phys. Rev. Lett.},
	volume = {35},
	number = {22},
	pages = {1489--1492},
	numpages = {3},
	year = {1975},
	month = {Dec},
	doi = {10.1103/PhysRevLett.35.1489},
	publisher = {American Physical Society}
}

@Article{donut2000,
	author    = "Kodama, K. and others",
	collaboration = "DONUT",
	title     = "Observation of tau-neutrino interactions",
	journal   = "Phys. Lett.",
	volume    = "B504",
	year      = "2001",
	pages     = "218-224",
	eprint    = "hep-ex/0012035",
	SLACcitation  = "HEP-EX/0012035"
}


@Article{z2001,
	author    = "",
	collaboration = "LEP",
	title     = "A combination of preliminary electroweak measurements and constraints  on the standard model",
	year      = "2001",
	eprint    = "hep-ex/0103048",
	SLACcitation  = "HEP-EX/0103048"
}

@Article{sno2002,
	title = {Direct Evidence for Neutrino Flavor Transformation from Neutral-Current Interactions in the Sudbury Neutrino Observatory},
	author = {Ahmad, Q. R. and Allen, R. C. and Andersen, T. C. and D.Anglin, J.  and Barton, J. C. and Beier, E. W. and Bercovitch, M.  and Bigu, J.  and Biller, S. D. and Black, R. A. and Blevis, I.  and Boardman, R. J. and Boger, J.  and Bonvin, E.  and Boulay, M. G. and Bowler, M. G. and Bowles, T. J. and Brice, S. J. and Browne, M. C. and Bullard, T. V. and B\"uhler, G.  and Cameron, J.  and Chan, Y. D. and Chen, H. H. and Chen, M.  and Chen, X.  and Cleveland, B. T.},
	journal = {Phys. Rev. Lett.},
	volume = {89},
	number = {1},
	pages = {011301},
	numpages = {6},
	year = {2002},
	month = {Jun},
	doi = {10.1103/PhysRevLett.89.011301},
	publisher = {American Physical Society}
}

@Article{ecc,
  title = {Emulsion Cloud-Chamber Study of a High Energy Interaction in the Cosmic Radiation},
  author = {Kaplon, M.  and Peters, B.  and Ritson, D. M.},
  journal = {Phys. Rev.},
  volume = {85},
  number = {5},
  pages = {900--903},
  numpages = {3},
  year = {1952},
  month = {Mar},
  doi = {10.1103/PhysRev.85.900},
  publisher = {American Physical Society}
}

@article{opera,
author="K. Kodama et al.",
title="Progress Report. OPERA: a long baseline nutau appearance experiment in the CNGS beam from Cern to Gran Sasso ",
year="1999",
}



