@Book{ LinuxKernel2,
	title = "Understanding the Linux kernel",
	author = "Daniel P. BOVET and Marco CESATI",
	publisher = "O'REILLY",
	edition = "2",
	year = "2003",
	isbn = "05960005652",
	month = jan
}

@Book{ LinuxKernel3,
	title = "Understanding the Linux kernel",
	author = "Daniel P. BOVET and Marco CESATI",
	publisher = "O'REILLY",
	edition = "3",
	year = "2005",
	isbn = "05960005652",
	month = dec
}

@Book{ LinuxDriver,
	title = "Linux device drivers",
	author = "Jonathan CORBET and Alessandro RUBINI and Greg KROAH-HARTMAN",
	publisher = "O'REILLY",
	edition = "3",
	month = mar,
	year = "2005",
	isbn = "05960005903"
}

@Misc{ IntelProcessors,
	title = "Processors",
	author = "INTEL",
	month = jul,
	year = "2006",
	url = "http://www.intel.com/support/processors/sb/cs-023143.html",
	note = "http://www.intel.com/support/processors/sb/cs-023143.html"
}

@Book{ SolarisInternals,
	title = "Solaris Internals, core kernel Architecture",
	author = "Jim MAURO and Richard MC DOUGALL",
	publisher = "Prentice Hall PTR",
	month = nov,
	year = "2000",
	isbn = "0130224965"
}

@Misc{ IntelOptim,
	title = "\textit{Intel 64 and IA32 Architectures optimization reference manual}",
	author = "INTEL",
	month = mar,
	year = "2009",
	url = "http://www.inte.com/products/processor/manual/"
}

@Misc{ LinuxSources,
	title = "Linux sources",
	url = "http://www.kernel.org/",
	note = "http://www.kernel.org/"
}

@Misc{ LinuxMM,
	title = "linux-mm.org",
	url = "http://linux-mm.org",
	note = "http://linux-mm.org"
}

@Article{ LWMFault,
	title = "fault()",
	author = "Corbet",
	journal = "lwm.net",
	month = jul,
	year = "2007",
	url = "http://lwm.net/Articles/242625",
	number = "242625",
	note = "http://lwm.net/Articles/242625"
}

@Article{ LWMNoPage,
	title = "Faulting out populate(), nopfn() and nopage()",
	author = "Corbet",
	journal = "lwm.net",
	number = "203725",
	month = oct,
	year = "2006",
	url = "http:///lwm.net/Articles/203725/",
	note = "http:///lwm.net/Articles/203725/"
}

@Article{ LWMCPUCaches,
	title = "Memory Part 2 : CPU caches",
	author = "Ulrich and Drepper",
	journal = "lwm.net",
	number = "252125",
	month = oct,
	year = "2007",
	url = "http://lwm.net/Articles/252125"
}

@InProceedings{ superpages-osdi02,
	abstract = "Most general-purpose processors provide support for memory pages of large sizes, called superpages. Superpages enable each entry in the translation lookaside buffer (TLB) to map a large physical memory region into a virtual address space. This dramatically increases TLB coverage, reduces TLB misses, and promises performance improvements for many applications. However, supporting superpages poses several challenges to the operating system, in terms of superpage allocation and promotion tradeoffs, fragmentation control, etc. We analyze these issues, and propose the design of an effective superpage management system. We implement it in FreeBSD on the Alpha CPU, and evaluate it on real workloads and benchmarks. We obtain substantial performance benefits, often exceeding 30\%; these benefits are sustained even under stressful workload scenarios.",
	address = "New York, NY, USA",
	author = "Navarro, Juan and Iyer, Sitaram and Druschel, Peter and Cox, Alan",
	booktitle = "OSDI '02: Proceedings of the 5th symposium on Operating systems design and implementation",
	citeulike-article-id = "3409652",
	citeulike-linkout-0 = "http://portal.acm.org/citation.cfm?id=1060299",
	citeulike-linkout-1 = "http://dx.doi.org/10.1145/1060289.1060299",
	doi = "10.1145/1060289.1060299",
	keywords = "khb, osdi, superpages, val",
	location = "Boston, Massachusetts",
	pages = "89--104",
	posted-at = "2008-10-15 15:48:28",
	priority = "2",
	publisher = "ACM",
	title = "Practical, transparent operating system support for superpages",
	url = "http://dx.doi.org/10.1145/1060289.1060299",
	year = "2002"
}

@Book{ AQuantitativApproach3,
	title = "Computer Architecture : A Quantitative Approach",
	author = "John L. HENNESY, David A.PATTERSON",
	publisher = "Morgan Kaufmann",
	edition = "3",
	month = may,
	year = "2002",
	isbn = "1558605967"
}

@Book{ MOSTanenbaum3,
	title = "Modern Operating Systems",
	author = "Andrew S. Tanenbaum",
	publisher = "Prentice Hall",
	edition = "3",
	month = dec,
	year = "2007",
	isbn = "0136006639"
}

@PhDThesis{ LinuxSuperPagesWienand,
	title = "Transparent Large-Page Support for Itanium Linux",
	author = "Ian WIENAND",
	school = "The University of New South Wales",
	month = jul,
	year = "2008"
}

@Misc{ LinuxSuperPagesMarvin,
	title = "\textit{Port of Shimizu superpages patch to ia64/x86-64}",
	author = "John MARVIN",
	month = oct,
	year = "2006",
	url = "http://lkml.org/lkml/2006/10/30/193",
	note = "http://lkml.org/lkml/2006/10/30/193"
}

@Misc{ cea_url,
	title = "\textsc{CEA} - Commissariat {\`a} l'{\'E}nergie Atomique",
	url = "http://www.cea.fr",
	note = "http://www.cea.fr"
}

@Misc{ MPC,
	title = "\textsc{MPC} - Multiprocessors Communications",
	author = "Marc P{\'E}RACHE and Patrick CARRIBAULT",
	note = "http://mpc.sourceforge.net/"
}

@Misc{ BLAS,
	title = "\textsc{BLAS} - Basic Linear Algebra Subprograms",
	author = "National Science Foundation",
	note = "http://www.netlib.org/blas/",
	url = "http://www.netlib.org/blas/"
}

@Misc{ ATLAS,
	title = "\textsc{ATLAS} - Automatically Tuned Linear Algebra Software",
	author = "R. Clint Whaley and Antoine Petitet",
	note = "http://math-atlas.sourceforge.net/errata.html",
	url = "http://math-atlas.sourceforge.net/errata.html"
}

@Misc{ LAPACK,
	title = "\textsc{LAPACK} - Linear Algebra PACKage",
	author = "National Science Foundation",
	note = "http://www.netlib.org/lapack/",
	url = "http://www.netlib.org/lapack/"
}

 
