 
@Article{YangEtLee56,
	title = {Question of Parity Conservation in Weak Interactions},
	author = {Lee, T. D. and Yang, C. N.},
	journal = {Phys. Rev.},
	volume = {104},
	number = {1},
	pages = {254--258},
	numpages = {4},
	year = {1956},
	month = {Oct},
	doi = {10.1103/PhysRev.104.254},
	publisher = {American Physical Society}
}

@Article{cabibbo,
  title = {Unitary Symmetry and Leptonic Decays},
  author = {Cabibbo, Nicola },
  journal = {Phys. Rev. Lett.},
  volume = {10},
  number = {12},
  pages = {531--533},
  numpages = {2},
  year = {1963},
  month = {Jun},
  doi = {10.1103/PhysRevLett.10.531},
  publisher = {American Physical Society}
}


@Article{Wu57,
	title = {Experimental Test of Parity Conservation in Beta Decay},
	author = {Wu, C. S. and Ambler, E.  and Hayward, R. W. and Hoppes, D. D. and Hudson, R. P.},
	journal = {Phys. Rev.},
	volume = {105},
	number = {4},
	pages = {1413--1415},
	numpages = {2},
	year = {1957},
	month = {Feb},
	doi = {10.1103/PhysRev.105.1413},
	publisher = {American Physical Society}
}

@Article{Goldhaber58,
  title = {Helicity of Neutrinos},
  author = {Goldhaber, M.  and Grodzins, L.  and Sunyar, A. W.},
  journal = {Phys. Rev.},
  volume = {109},
  number = {3},
  pages = {1015--1017},
  numpages = {2},
  year = {1958},
  month = {Feb},
  doi = {10.1103/PhysRev.109.1015},
  publisher = {American Physical Society}
}


@Article{Christenson58,
  title = {Evidence for the $2\pi{}$ Decay of the $K2$ Meson},
  author = {Christenson, J. H. and Cronin, J. W. and Fitch, V. L. and Turlay, R. },
  journal = {Phys. Rev. Lett.},
  volume = {13},
  number = {4},
  pages = {138--140},
  numpages = {2},
  year = {1964},
  month = {Jul},
  doi = {10.1103/PhysRevLett.13.138},
  publisher = {American Physical Society}
}

@Article{YanEtLee57,
  title = {Remarks on Possible Noninvariance under Time Reversal and Charge Conjugation},
  author = {Lee, T. D. and Oehme, Reinhard  and Yang, C. N.},
  journal = {Phys. Rev.},
  volume = {106},
  number = {2},
  pages = {340--345},
  numpages = {5},
  year = {1957},
  month = {Apr},
  doi = {10.1103/PhysRev.106.340},
  publisher = {American Physical Society}
}


@Article{PhysRevLett.47.771,
  title = {Measurement of $B$-Meson Semileptonic Decay},
  author = {Spencer, L. J. and Fincchiaro, G.  and Lee-Franzini, J.  and Giannini, G.  and Schamberger, R. D. and Sivertz, M.  and Tuts, P. M. and B\"ohringer, T.  and Costantini, F.  and Dobbins, J.  and Franzini, P.  and Han, K.  and Herb, S. W. and Lederman, L. M. and Mageras, G.  and Peterson, D.  and Rice, E.  and Yoh, J. K. and Imlay, R.  and Levman, G.  and Metcalf, W.  and Sreedhar, V.  and Blanar, G.  and Dietl, H.  and Eigen, G.  and Lorenz, E.  and Pauss, F. },
  journal = {Phys. Rev. Lett.},
  volume = {47},
  number = {11},
  pages = {771--774},
  numpages = {3},
  year = {1981},
  month = {Sep},
  doi = {10.1103/PhysRevLett.47.771},
  publisher = {American Physical Society}
}

@Article{PhysRevLett.46.84,
  title = {Evidence for New-Flavor Production at the $\Upsilon{}(4S)$},
  author = {Bebek, C.  and Haggerty, J.  and Izen, J. M. and Longuemare, C.  and Loomis, W. A. and Pipkin, F. M. and Rohlf, J.  and Tanenbaum, W.  and Wilson, Richard  and Sadoff, A. J. and Bridges, D. L. and Chadwick, K.  and Ganci, P.  and Kagan, H.  and Kass, R.  and Lobkowicz, F.  and Melissinos, A.  and Olsen, S. L. and Poling, R.  and Rosenfeld, C.  and Rucinski, G.  and Thorndike, E. H. and Warren, G.  and Bechis, D.  and Mueller, J. J. and Potter, D.  and Sannes, F. },
  journal = {Phys. Rev. Lett.},
  volume = {46},
  number = {2},
  pages = {84--87},
  numpages = {3},
  year = {1981},
  month = {Jan},
  doi = {10.1103/PhysRevLett.46.84},
  publisher = {American Physical Society}
}

@Article{PhysRevLett.46.88,
  title = {Decay of $b$-Flavored Hadrons to Single-Muon and Dimuon Final States},
  author = {Chadwick, K.  and Ganci, P.  and Kagan, H.  and Kass, R.  and Lobkowicz, F.  and Melissinos, A. C. and Olsen, S. L. and Poling, R.  and Rosenfeld, C.  and Rucinski, G.  and Thorndike, E. H. and Mueller, J. J. and Potter, D.  and Sannes, F.  and Skubic, P.  and Stone, R.  and Brody, A.  and Chen, A.  and Goldberg, M.  and Horwitz, N.  and Kandaswamy, J.  and Kooy, H.  and Lariccia, P.  and Moneti, G. C. and Alam, M. S. and Csorna, S. E. and Panvini, R. S.},
  journal = {Phys. Rev. Lett.},
  volume = {46},
  number = {2},
  pages = {88--91},
  numpages = {3},
  year = {1981},
  month = {Jan},
  doi = {10.1103/PhysRevLett.46.88},
  publisher = {American Physical Society}
}

@ARTICLE{PDBook,
author = {
	{Yao}, W.-M. and
	{Amsler}, C. and
	{al.}},
	
	title = "{Review of Particle Physics}",
	journal = "{Journal of Physics G}",
	year = 2006,
	volume = "33",
	pages = {1+},
	url = {http://pdg.lbl.gov}
}

@MISC{nir2,
	author = {Yosef Nir},
	title = {CP violation in meson decays},
	url = {http://arxiv.org/abs/hep-ph/0510413v1},
	eprint={arXiv: hep-ph/0510413v1},
	year = {2005}
}

@Article{GIM,
	title = {Weak Interactions with Lepton-Hadron Symmetry},
	author = {Glashow, S. L. and Iliopoulos, J.  and Maiani, L. },
	journal = {Phys. Rev. D},
	volume = {2},
	number = {7},
	pages = {1285--1292},
	numpages = {7},
	year = {1970},
	month = {Oct},
	doi = {10.1103/PhysRevD.2.1285},
	publisher = {American Physical Society}
}

@Article{CKM,
	author    = "Kobayashi, Makoto and Maskawa, Toshihide",
	title     = "{CP Violation in the Renormalizable Theory of Weak Interaction}",
	journal   = "Prog. Theor. Phys.",
	volume    = "49",
	year      = "1973",
	pages     = "652-657",
	doi       = "10.1143/PTP.49.652",
	SLACcitation  = "PTPKA,49,652"
}



@MISC{nir-2007,
	author = {Yosef Nir},
	title = {Probing new physics with flavor physics (and probing flavor physics with   new physics)},
	url = {http://www.citebase.org/abstract?id=oai:arXiv.org:0708.1872},
	eprint = {arXiv: 0708.1872 [hep-ph]},
	year = {2007}
}

@MISC{ball-2000,
	author = {P. Ball and R. Fleischer and G.~F. Tartarelli and P. Vikas and G. Wilkinson and J. Baines and S.~P. Baranov and P. Bartalini and M. Beneke and E. Bouhova and G. Buchalla and I. Caprini and F. Charles and J. Charles and Y. Coadou and P. Colangelo and P. Colrain and J. Damet and F. {De Fazio} and A. Dighe and H. Dijkstra and P. Eerola and N. Ellis and B. Epp and S. Gadomski and P. Galumian and I. Gavrilenko and S. George and V.~M. Ghete and V. Gibson and L. Guy and Y. Hasegawa and P. Iengo and A. Jacholkowska and R. Jones and A. Khodjamirian and E. Kneringer and P. Koppenburg and H. Korsmo and N. Labanca and L. Lellouch and M. Lehto and Y. Lemoigne and J. Libby and J. Matias and S. Mele and M. Misiak and A.~M. Nairz and T. Nakada and A. Nikitenko and N. Nikitin and A. Nisati and F. Palla and E. Polycarpo and J. Rademacker and F. Rizatdinova and S. Robins and D. Rousseau and W. Ruckstuhl and M.~A. Sanchis and O. Schneider and M. Shapiro and C. Shepherd-Themistocleous and P. Sherwood and L. Smirnova and M. Smizanska and A. Starodumov and N. Stepanov and Z. Xie and N. Zaitsev},
	title = {B decays at the LHC},
 	 url = {http://www.citebase.org/abstract?id=oai:arXiv.org:hep-ph/0003238},
	eprint        = "arXiv: hep-ph/0003238",
	year = {2000}

}

@Article{Altarelli:2008xy,
     author    = "Altarelli, Monica Pepe and Teubert, Frederic",
     title     = "{B Physics at LHCb}",
     year      = "2008",
     eprint    = "arXiv: 0802.1901 [hep-ph]",
     archivePrefix = "arXiv",
     primaryClass  =  "hep-ph",
     SLACcitation  = "0802.1901"
}


@MISC{CDFII,
	author = {T. Aaltonen and al.},
	title = {First Flavor-Tagged Determination of Bounds on Mixing-Induced CP   Violation in Bs -$>$ J/psi phi Decays},
	url = {http://www.citebase.org/abstract?id=oai:arXiv.org:0712.2397},
	eprint  = "arXiv: 0712.2397 [hep-ex]",
	year = {2007}
}

@MISC{D0,
	author = {collaboration D0 : V.~M.~Abazov e al},
	title = {Measurement of $B_s^0$ mixing parameters from the flavor-tagged decay},
	url = {http://www.citebase.org/abstract?id=oai:arXiv.org:0802.2255},
	year = {2008},
	eprint        = "arXiv: 0802.2255 [hep-ex]",
}

@MISC{valTh,
	author = {Alexander Lenz and Ulrich Nierste},
	title = {Theoretical update of Bs-Bs-bar mixing},
	url = {http://www.citebase.org/abstract?id=oai:arXiv.org:hep-ph/0612167},
	year = {2006},
	eprint        = "arXiv: hep-ph/0612167",
}

@MISC{bPhysAtTevatr,
	author = {K. Anikeev and D. Atwood and F. Azfar and S. Bailey and C.~W. Bauer and W. Bell and G. Bodwin and E. Braaten and G. Burdman and J.~N. Butler and K. Byrum and N. Cason and A. Cerri and H.~W.~K. Cheung and A. Dighe and S. Donati and R.~K. Ellis and A. Falk and G. Feild and S. Fleming and I. Furic and S. Gardner and Y. Grossman and G. Gutierrez and W. Hao and B.~W. Harris and J. Hewett and G. Hiller and R. Jesik and M. Jones and P.~A. Kasper and A. El-Khadra and M. Kirk and V.~V. Kiselev and J. Kroll and A.~S. Kronfeld and R. Kutschke and V.~E. Kuznetsov and E. Laenen and Jungil Lee and A.~K. Leibovich and J.~D. Lewis and Z. Ligeti and A.~K. Likhoded and H.~E. Logan and M. Luke and A. Maciel and G. Majumder and P. Maksimovic and M. Martin and S. Menary and P. Nason and U. Nierste and Y. Nir and L. Nogach and E. Norrbin and C. Oleari and V. Papadimitriou and M. Paulini and C. Paus and M. Petteni and R. Poling and M. Procario and G. Punzi and H. Quinn and A. Rakitine and G. Ridolfi and K. Shestedrmanov and G. Signorelli and J.~P. Silva and T. Skwarnicki and A. Smith and B. Speakman and K. Stenson and F. Stichelbaut and S. Stone and K. Sumorok and M. Tanaka and W. Taylor and W. Trischuk and J. Tseng and R. {Van Kooten} and A. Vasiliev and M. Voloshin and J.~C. Wang and A.~B. Wicklund and F. Wurthwein and N. Xuan and J. Yarba and K. Yip and A. Zieminski},
	title = {B Physics at the Tevatron: Run II and Beyond},
	url = {http://www.citebase.org/abstract?id=oai:arXiv.org:hep-ph/0201071},
	year = {2002},
	eprint        = "arXiv: hep-ph/0201071",
}

@Article{jinst,
	author = {collaboration LHCb},
	title = {The LHCb Detector at the LHC},
	journal = {accept√© pour publication dans Journal of Instrumentation},
	year = {2008},
}

@MISC{note-pv,
	author = {M. Krasowski and M. Kucharczyk and W. Manner and G. Polok and M. Witek},
	title = {Primary vertex reconstruction},
	note = {note LHCb 2007-0011}
}

@MISC{note-muon,
	author = {E. Polycarpo and M. Gandelman},
	title = {The Performance of the LHCb Muon Identification Procedure},
	note = {note LHCb 2007-145}
}

@MISC{proposal,
	title = {LHCb Technical Proposal}
}

@MISC{note-lumi,
	author = {Olivier Callot},
	title = {Some comments on the running scenario for LHCb},
	note = {note LHCb 2000-095}
}

@MISC{note-tag,
	author = {Marta Calvi, Ilivier Leroy, Marco Musy},
	title = {Flavor Tagging Algorithms and Performances in LHCb},
	note = {note LHCb 2007-058}
}

@MISC{note-phot03,
	author = {Olivier Deschamps and Frederic Machefert and Marie-Helene Schune and Galina Pakhlova and Ivan Belyaev},
	title = {Photon and Neutral Pion reconstruction},
	note = {note LHCb 2003-091}
}

@MISC{note-phot04,
	author = {Frederic Machefert},
	title = {Photon identification},
	note = {note LHCb 2004-032}
}

@Article{babarbook,
	author    = {collaboration BABAR : Harrison, P. F. and Quinn, Helen R. and al.},
	title     = {The BaBar physics book: Physics at an asymmetric B factory},
	note      = {Papers from Workshop on Physics at an Asymmetric B Factory (BaBar Collaboration Meeting), Rome, Italy, 11-14 Nov 1996, Princeton, NJ, 17-20 Mar 1997, Orsay, France, 16-19 Jun 1997 and Pasadena, CA, 22-24 Sep 1997}
}

@ARTICLE{ckmfit,
	author = {{T'jampens}, S.},
		title = {CKM Fits: What the Data Say (Focused on B Physics)},
	journal = {Nuclear Physics B Proceedings Supplements},
		year = 2007,
		month = aug,
	volume = 170,
		pages = {5-13},
		doi = {10.1016/j.nuclphysbps.2007.05.013},
	}

@Article{deltams,
     author    = "Milnik, Michael",
 collaboration = "CDF",
     title     = "{B_s Mixing and B Hadron Lifetimes at CDF}",
     year      = "2007",
     eprint    = "arXiv: 0710.3498 [hep-ex]",
}


@Article{wolf,
  title = {Parametrization of the Kobayashi-Maskawa Matrix},
  author = {Wolfenstein, Lincoln },
  journal = {Phys. Rev. Lett.},
  volume = {51},
  number = {21},
  pages = {1945--1947},
  numpages = {2},
  year = {1983},
  month = {Nov},
  doi = {10.1103/PhysRevLett.51.1945},
  publisher = {American Physical Society}
}


@Article{exactwolf,
  title = {Waiting for the top quark mass, $K+$\rightarrow{}$\pi{}+$\nu{}\nu{}\ifmmode\bar\else\textasciimacron\fi{}, $Bs$-B$\ifmmode\bar\else\textasciimacron\fi{}s$ mixing, and CP asymmetries in B decays},
  author = {Buras, Andrzej J. and Lautenbacher, Markus E. and Ostermaier, Gaby },
  journal = {Phys. Rev. D},
  volume = {50},
  number = {5},
  pages = {3433--3446},
  numpages = {13},
  year = {1994},
  month = {Sep},
  doi = {10.1103/PhysRevD.50.3433},
  publisher = {American Physical Society}
}

@Article{ckmfitter,
     author    = "Charles, J. and others",
 collaboration = "CKMfitter Group",
     title     = "{CP violation and the CKM matrix: Assessing the impact of
                  the asymmetric  B factories}",
     journal   = "Eur. Phys. J.",
     volume    = "C41",
     year      = "2005",
     pages     = "1-131",
     eprint    = "arXiv: hep-ph/0406184",
     archivePrefix = "arXiv",
     doi       = "10.1140/epjc/s2005-02169-1",
     SLACcitation  = "HEP-PH/0406184"
}

@Article{Kinoshita:2008nb,
     author    = "Kinoshita, K.",
     title     = "{Results from Upsilon(5S) at Belle: Strange Beauty and
                  other Beasts}",
     year      = "2008",
     eprint    = "arXiv: 0805.3866 [hep-ex]",
     archivePrefix = "arXiv",
     primaryClass  =  "hep-ex",
     SLACcitation  = "0805.3866"
}

@misc{DCO06,
	title = {DC06 settings : https://twiki.cern.ch/twiki/bin/view/LHCb/SettingsDc06},
	url={https://twiki.cern.ch/twiki/bin/view/LHCb/SettingsDc06}
}

@misc{container,
	title={http://lhcb-release-area.web.cern.ch/LHCb-release-area/DOC/analysis/releases/latest/ doxygen/\_standard\_particles\_8opts.html},
	url={http://lhcb-release-area.web.cern.ch/LHCb-release-area/DOC/analysis/releases/latest/ doxygen/\_standard\_particles\_8opts.html}
}

@misc{asso,
	title={http://lhcb-release-area.web.cern.ch/LHCb-release-area/DOC/davinci/manuals/associators.php}
}
