@book{OpenSolarisInternals,
	author = {Mauro, Jim and McDougall, Richard},
	title = {{Solaris Internals (2nd Edition)}},
	year = {2006},
	isbn = {0131482092},
	publisher = {{Prentice Hall PTR}},
	address = {{Upper Saddle River, NJ, USA}},
}

@article{Superpages,
	author = {Navarro, Juan and Iyer, Sitararn and Druschel, Peter and Cox, Alan},
	title = {{Practical, transparent operating system support for superpages}},
	journal = {SIGOPS Oper. Syst. Rev.},
	volume = {36},
	issue = {SI},
	month = {December},
	year = {2002},
	issn = {0163-5980},
	pages = {89--104},
	numpages = {16},
	acmid = {844138},
	publisher = {ACM},
	address = {New York, NY, USA},
}

@MISC{ItaniumTranparentLargePages,
	author = {Ian Wienand},
	title = {{Transparent Large-Page Support for Itanium Linux}},
	year = {2006}
}


@misc{THP,
	author = {Andrea Arcangeli},
	title = {{Transparent Hugepage Support, KVM Forum 2010, Boston}},
}

@misc{THP_patch,
	author = {Andrea Arcangeli},
	title = {{Transparent Hugepage Support}},
	url={lkml/2010/5/20/382},
	year = {2010},
	month = {may},
}

@book{UnderstandTheLinuxKernel,
	author = {Bovet, Daniel and Cesati, Marco},
	title = {{Understanding The Linux Kernel}},
	year = {2005},
	isbn = {0596005652},
	publisher = {Oreilly},
	edition = {3},
}

@inproceedings{Hocko2010,
	author = {Hocko, Michal and Kalibera, Tomas},
	title = {{Reducing performance non-determinism via cache-aware page allocation strategies}},
	booktitle = {Proceedings of WOSP/SIPEW 2010},
	isbn = {978-1-60558-563-5},
	location = {San Jose, California, USA},
	pages = {223--234},
	numpages = {12},
	acmid = {1712640},
	keywords = {performance non-determinism, regression benchmarking, software performance,
statistical methods},
}

@inproceedings{Lemuet2004,
	author = {C. Lemuet, W. Jalby and S. Touati},
	title = {{Improving Load/Store Queues Usage in Scientific Computing}},
	booktitle = {Proceedings ICPP 2004},
	location = {Montreal, Canada},
}

@inproceedings{KTau2007,
	author = {Nataraj, Aroon and Morris, Alan and Malony, Allen D. and Sottile, Matthew and Beckman,
Pete},
	title = {{The ghost in the machine: observing the effects of kernel operation on parallel
application performance}},
	booktitle = {Proceedings of the 2007 ACM/IEEE conference on Supercomputing},
	series = {SC '07},
	year = {2007},
	isbn = {978-1-59593-764-3},
	location = {Reno, Nevada},
	pages = {29:1--29:12},
	articleno = {29},
	numpages = {12},
	url = {http://doi.acm.org/10.1145/1362622.1362662},
	doi = {http://doi.acm.org/10.1145/1362622.1362662},
	acmid = {1362662},
	publisher = {ACM},
	address = {New York, NY, USA},
}

@article{Chen1993,
	author = {Chen, J. Bradley and Bershad, Brian N.},
	title = {{The impact of operating system structure on memory system performance}},
	journal = {SIGOPS Oper. Syst. Rev.},
	volume = {27},
	issue = {5},
	month = {December},
	year = {1993},
	issn = {0163-5980},
	pages = {120--133},
	numpages = {14},
	url = {http://doi.acm.org/10.1145/173668.168629},
	doi = {http://doi.acm.org/10.1145/173668.168629},
	acmid = {168629},
	publisher = {ACM},
	address = {New York, NY, USA},
}

@inproceedings{Park2007,
	author = {Park, Sangsoo and Shin, Heonshik},
	title = {{Performance evaluation of memory management configurations in Linux for an OS-level
design space exploration}},
	booktitle = {{Proceedings of the 7th international conference on Embedded computer systems:
architectures, modeling, and simulation}},
	series = {SAMOS'07},
	year = {2007},
	isbn = {3-540-73622-0, 978-3-540-73622-6},
	location = {Samos, Greece},
	pages = {24--33},
	numpages = {10},
	url = {http://portal.acm.org/citation.cfm?id=1776200.1776207},
	acmid = {1776207},
	publisher = {Springer-Verlag},
	address = {Berlin, Heidelberg},
}

@inproceedings{Park2004,
	author    = {Sangsoo Park and
		Yonghee Lee and
		Heonshik Shin},
	title     = {{An experimental analysis of the effect of the operating
		system on memory performance in embedded multimedia computing}},
	booktitle = {EMSOFT},
	year      = {2004},
	pages     = {26-33},
	ee        = {http://doi.acm.org/10.1145/1017753.1017762},
}

@inproceedings{Bahadur1998,
	author = {Bahadur, Satyendra and Kalyanakrishnan, Viswanathan and Westall, James},
	title = {{An empirical study of the effects of careful page placement in Linux}},
	booktitle = {{ACM 36th Southeast Conference}},
	year = {1998},
}

@techreport{NAS,
	author = {H Bailey and Npb David and H. Bailey and Eric Barszcz and John Barton and David
Browning and Russell Carter and Rod Fatoohi and Samuel Fineberg and Paul Frederickson and Thomas
Lasinski and Rob Schreiber and Horst Simon and V. Venkatakrishnan},
	title = {{he NAS Parallel Benchmarks}},
	year = {1994},
	month = {march},
	note = {\textsc{RNR} Technical Report RNR-94-007}
}

@inproceedings{Yoshii2009,
	author = {Yoshii, Kazutomo and Iskra, Kamil and Naik, Harish and Beckmanm, Pete and Broekema, P.
	Chris},
	title = {{Characterizing the Performance of "Big Memory" on Blue Gene Linux}},
	booktitle = {ICPPW 2009},
	series = {},
	isbn = {978-0-7695-3803-7},
	numpages = {8},

	acmid = {1679771},
	keywords = {petascale, Blue Gene, OS kernel, Linux, compute node, I/O node, memory performance,
	TLB, NAS Parallel Benchmarks, LOFAR},
}


@article{KesslerHill1992,
	author = {Kessler, R. E. and Hill, Mark D.},
	title = {{Page placement algorithms for large real-indexed caches}},
	journal = {ACM Trans. Comput. Syst.},
	volume = {volume 10},
	issue = {4},
	month = {November},
	year = {1992},
	issn = {0734-2071},
	pages = {338--359},
	numpages = {22},
	acmid = {138876},
	publisher = {ACM},
	address = {New York, NY, USA},
}

@article{Lynch1992,
	author = {Lynch, William L. and Bray, Brian K. and Flynn, M. J.},
	title = {{The effect of page allocation on caches}},
	journal = {SIGMICRO Newsl.},
	volume = {23},
	issue = {1-2},
	month = {December},
	year = {1992},
	issn = {1050-916X},
	pages = {222--225},
	numpages = {4},
	url = {http://doi.acm.org/10.1145/144965.145814},
	doi = {http://doi.acm.org/10.1145/144965.145814},
	acmid = {145814},
	publisher = {ACM},
	address = {New York, NY, USA},
	keywords = {cache, page allocation, page coloring, virtual memory},
}

@book{intelsystem,
	author = {{Intel}},
	title = {{Intel\textregistered 64 and IA-32 Architectures Software Developer's Manuals}},
	year = {2009},
	numder = {248966-018},
}

@book{TanenbaumArchi,
	author = {Tanenbaum, Andrew S.},
	title = {{Structured Computer Organization (5th Edition)}},
	year = {2005},
	isbn = {0131485210},
}

@book{SolarisInternals,
	author = {Mauro, Jim and McDogall, Richard},
	title = {{Solaris Internals (2nd Edition)}},
	year = {2006},
	isbn = {0131482092},
}

@misc{LinusNotColoring,
	author = {Linus Torvald},
	title = {{LKML, Page Colouring}},
	year = {2003},
	month = {December},
	url = {lkml/2003/12/27/81},
}

@misc{FreeBSDColoring,
	url = {www.freebsd.org/doc/en/books/arch-handbook/},
	title = {{FreeBSD Architecture Handbook}},
}

@inproceedings{EulerMHD,
	author    = {Wolff,M. and Jaouen,S. and Jourdren,H.},
	title     = {{High-order dimensionally split Lagrange-remap schemes for ideal
	magnetohydrodynamics}},
	booktitle = {DCDS-S: proceedings of NMCF 2009},
}