 
@misc{misc:Tcmalloc,
	title = {Perftool, http://goog-perftools.sourceforge.net/},
	url = {http://goog-perftools.sourceforge.net/}
}

@MISC{misc:Jemalloc,
    author = {Jason Evans},
    title = {A Scalable Concurrent malloc(3) Implementation for FreeBSD},
    year = {2006},
    url = {http://www.canonware.com/jemalloc/}
}

@article{paper:Hoard....,
	author = {Berger, Emery D. and McKinley, Kathryn S. and Blumofe, Robert D. and Wilson, Paul R.},
	title = {Hoard: a scalable memory allocator for multithreaded applications},
	journal = {SIGPLAN Not.},
	issue_date = {Nov. 2000},
	volume = {35},
	number = {11},
	month = nov,
	year = {2000},
	issn = {0362-1340},
	%pages = {117--128},
	numpages = {12},
	url = {http://doi.acm.org/10.1145/356989.357000},
	doi = {10.1145/356989.357000},
	acmid = {357000},
	publisher = {ACM},
	%address = {New York, NY, USA},
} 

@inproceedings{paper:Hoard,
 author = {Berger, Emery D. and McKinley, Kathryn S. and Blumofe, Robert D. and Wilson, Paul R.},
 title = {Hoard: a scalable memory allocator for multithreaded applications},
 booktitle = {Proceedings of the ninth international conference on Architectural support for programming languages and operating systems},
 series = {ASPLOS IX},
 year = {2000},
 %isbn = {1-58113-317-0},
 location = {Cambridge, Massachusetts, USA},
 %pages = {117--128},
 numpages = {12},
 %url = {http://doi.acm.org/10.1145/378993.379232},
 doi = {10.1145/378993.379232},
 acmid = {379232},
 publisher = {ACM},
 %address = {New York, NY, USA},
} 

@inproceedings{paper:MAMA,
 author = {Kahan, Simon and Konecny, Petr},
 title = {"MAMA!": a memory allocator for multithreaded architectures},
 booktitle = {Proceedings of the eleventh ACM SIGPLAN symposium on Principles and practice of parallel programming},
 series = {PPoPP '06},
 year = {2006},
 %isbn = {1-59593-189-9},
 location = {New York, New York, USA},
 %pages = {178--186},
 numpages = {9},
 %url = {http://doi.acm.org/10.1145/1122971.1122999},
 %doi = {10.1145/1122971.1122999},
 acmid = {1122999},
 publisher = {ACM},
 %address = {New York, NY, USA},
 keywords = {Eldorado, MTA, combining, malloc, multithreading, parallel memory allocation},
} 


@book{book:LinuxKernel,
	author = {Bovet, Daniel P. and Marco Cesati Ph},
	citeulike-article-id = {3092957},
	day = {17},
	edition = {Third Edition},
	howpublished = {Paperback},
	%isbn = {0596005652},
	keywords = {kernel, linux},
	month = nov,
	posted-at = {2008-08-06 23:04:29},
	priority = {2},
	publisher = {O'Reilly Media},
	title = {{Understanding the Linux Kernel, Third Edition}},
	year = {2005}
}

@Misc{misc:THP,
	title      = 	 {{Transparent Hugepage Support, KVM Forum}},
	author = {Andrea Arcangeli},
	year = {2010},
	booktitle = {{KVM Forum}},
	url = {\url{http://www.linux-kvm.org/page/Kvm\_Forum\_2010}},
}

@Misc{misc:Hydrobench,
	title = {Hydrobench, https://github.com/HydroBench/Hydro},
	author = {G. C. de Verdi\`ere},
	url = "https://github.com/HydroBench/Hydro"
}

@misc{misc:tcmalloc-amd-numa,
	title = {NUMA aware heap memory manager (AMD)},
	author = {Patryk Kaminski},
	%url = "http://developer.amd.com/wordpress/media/2012/10/NUMA_aware_heap_memory_manager_article_final.pdf"
}

@book{book:WinInternals,
 author = {Russinovich, Mark and Solomon, David A.},
 title = {Windows Internals: Including Windows Server 2008 and Windows Vista, Fifth Edition},
 year = {2009},
 %isbn = {0735625301, 9780735625303},
 edition = {5th},
 publisher = {Microsoft Press},
} 

@inproceedings{paper:MPC1,
	author = {P{\'e}rache, Marc and Carribault, Patrick and Jourdren, Herv{\'e}},
	title = {MPC-MPI: An MPI Implementation Reducing the Overall Memory Consumption},
	booktitle = {EuroPVM/MPI 2009},
	year = {2009},
	%isbn = {978-3-642-03769-6},
	location = {Espoo, Finland},
	%pages = {94--103},
	numpages = {10},
	%doi = {10.1007/978-3-642-03770-2\_16},
	acmid = {1612230},
	publisher = {Springer-Verlag},
	%address = {Berlin, Heidelberg},
	keywords = {High-performance computing, Memory consumption, Message passing, Multithreading},
	%booktitle = {Proceedings of the 16th European PVM/MPI Users' Group Meeting on Recent Advances in Parallel Virtual Machine and Message Passing Interface},
	%url = {http://dx.doi.org/10.1007/978-3-642-03770-2_16},
} 

@inproceedings{paper:MPC2,
	author = {Carribault, Patrick and P{\'e}rache, Marc and Jourdren, Herv{\'e}},
	title = {Enabling low-overhead hybrid MPI/OpenMP parallelism with MPC},
	booktitle = {Proceedings of the 6th international conference on Beyond Loop Level Parallelism in OpenMP: accelerators, Tasking and more},
	series = {IWOMP'10},
	year = {2010},
	%isbn = {978-3-642-13216-2},
	location = {Tsukuba, Japan},
	%pages = {1--14},
	numpages = {14},
	%doi = {10.1007/978-3-642-13217-9\_1},
	acmid = {2164001},
	%publisher = {Springer-Verlag},
	%address = {Berlin, Heidelberg},
	%url = {http://dx.doi.org/10.1007/978-3-642-13217-9_1},
} 

@inproceedings{paper:alloc-lifetime,
 author = {Seidl, Matthew L. and Zorn, Benjamin G.},
 title = {Segregating heap objects by reference behavior and lifetime},
 booktitle = {Proceedings of the eighth international conference on Architectural support for programming languages and operating systems},
 series = {ASPLOS VIII},
 year = {1998},
 %isbn = {1-58113-107-0},
 location = {San Jose, California, USA},
 %pages = {12--23},
 numpages = {12},
 %url = {http://doi.acm.org/10.1145/291069.291012},
 %doi = {10.1145/291069.291012},
 %acmid = {291012},
 %publisher = {ACM},
 %address = {New York, NY, USA},
} 

@inproceedings{papar:exascale-2,
 author = {Pawlowski, Stephen S.},
 title = {Exascale science: the next frontier in high performance computing},
 booktitle = {Proceedings of the 24th ACM International Conference on Supercomputing},
 series = {ICS '10},
 year = {2010},
 %isbn = {978-1-4503-0018-6},
 location = {Tsukuba, Ibaraki, Japan},
 %pages = {1--1},
 numpages = {1},
 %url = {http://doi.acm.org/10.1145/1810085.1810087},
 %doi = {10.1145/1810085.1810087},
 acmid = {1810087},
 publisher = {ACM},
 %address = {New York, NY, USA},
 keywords = {exascale systems, memory and storage bandwidth, millions of cores, power consumption, software scalability, system resiliency},
}


%and Moore, Terry and Aerts, Patrick and Aloisio, Giovanni and Andre, Jean-Claude and Barkai, David and Berthou, Jean-Yves and Boku, Taisuke and Braunschweig, Bertrand and Cappello, Franck and Chapman, Barbara and Xuebin Chi and Choudhary, Alok and Dosanjh, Sudip and Dunning, Thom and Fiore, Sandro and Geist, Al and Gropp, Bill and Harrison, Robert and Hereld, Mark and Heroux, Michael and Hoisie, Adolfy and Hotta, Koh and Zhong Jin and Ishikawa, Yutaka and Johnson, Fred and Kale, Sanjay and Kenway, Richard and Keyes, David and Kramer, Bill and Labarta, Jesus and Lichnewsky, Alain and Lippert, Thomas and Lucas, Bob and Maccabe, Barney and Matsuoka, Satoshi and Messina, Paul and Michielse, Peter and Mohr, Bernd and Mueller, Matthias S. and Nagel, Wolfgang E. and Nakashima, Hiroshi and Papka, Michael E and Reed, Dan and Sato, Mitsuhisa and Seidel, Ed and Shalf, John and Skinner, David and Snir, Marc and Sterling, Thomas and Stevens, Rick and Streitz, Fred and Sugar, Bob and Sumimoto, Shinji and Tang, William and Taylor, John and Thakur, Rajeev and Trefethen, Anne and Valero, Mateo and Van Der Steen, Aad and Vetter, Jeffrey and Williams, Peg and Wisniewski, Robert and Yelick, Kathy},

@article{papar:exascale,
 author = {Dongarra, Jack and Beckman, Pete and al.},
 title = {The International Exascale Software Project roadmap},
 journal = {Int. J. High Perform. Comput. Appl.},
 issue_date = {February  2011},
 volume = {25},
 number = {1},
 %month = feb,
 year = {2011},
 %issn = {1094-3420},
 %pages = {3--60},
 numpages = {58},
 %url = {http://dx.doi.org/10.1177/1094342010391989},
 doi = {10.1177/1094342010391989},
 acmid = {1943339},
 publisher = {Sage Publications, Inc.},
 %address = {Thousand Oaks, CA, USA},
 keywords = {exascale computing, high-performance computing, software stack},
} 

@inproceedings{paper:huge-gorman,
 author = {Gorman, Mel and Healy, Patrick},
 title = {Performance characteristics of explicit superpage support},
 booktitle = {Proceedings of the 2010 international conference on Computer Architecture},
 series = {ISCA'10},
 year = {2012},
 %isbn = {978-3-642-24321-9},
 location = {Saint-Malo, France},
 %pages = {293--310},
 numpages = {18},
 %doi = {10.1007/978-3-642-24322-6\_24},
 acmid = {2185899},
 publisher = {Springer-Verlag},
 %address = {Berlin, Heidelberg},
 %url = {http://dx.doi.org/10.1007/978-3-642-24322-6_24},
} 

@inproceedings{paper:superpages,
 author = {Navarro, Juan and Iyer, Sitaram and Druschel, Peter and Cox, Alan},
 title = {Practical, transparent operating system support for superpages},
 booktitle = {Proceedings of the 5th symposium on Operating systems design and implementation},
 series = {OSDI '02},
 year = {2002},
 %isbn = {978-1-4503-0111-4},
 location = {Boston, Massachusetts},
 %pages = {89--104},
 numpages = {16},
 %doi = {10.1145/1060289.1060299},
 acmid = {1060299},
 publisher = {ACM},
 %address = {New York, NY, USA},
 %url = {http://doi.acm.org/10.1145/1060289.1060299},
} 

@article{paper:bigmem,
 author = {Yoshii, Kazutomo and Iskra, Kamil and Naik, Harish and Beckman, Pete and Broekema, P. Chris},
 title = {Performance and Scalability Evaluation of 'Big Memory' on Blue Gene Linux},
 journal = {Int. J. High Perform. Comput. Appl.},
 issue_date = {May       2011},
 volume = {25},
 number = {2},
 month = may,
 year = {2011},
 %issn = {1094-3420},
 %pages = {148--160},
 numpages = {13},
 %doi = {10.1177/1094342010369116},
 acmid = {1978751},
 publisher = {Sage Publications, Inc.},
 %address = {Thousand Oaks, CA, USA},
 keywords = {Blue Gene, Linux, OS kernel, TLB, memory performance},
 %url = {http://dx.doi.org/10.1177/1094342010369116},
} 


@inproceedings{paper:per-numa-pt,
	author = {Lankes, Stefan and Bemmerl, Thomas and Roehl, Thomas and Terboven, Christian},
	title = {Node-based memory management for scalable NUMA architectures},
	booktitle = {Proceedings of the 2nd International Workshop on Runtime and Operating Systems for Supercomputers},
	series = {ROSS '12},
	year = {2012},
	%isbn = {978-1-4503-1460-2},
	location = {Venice, Italy},
	%pages = {10:1--10:8},
	articleno = {10},
	numpages = {8},
	doi = {10.1145/2318916.2318929},
	acmid = {2318929},
	publisher = {ACM},
	%address = {New York, NY, USA},
	keywords = {memory management, non-uniform memory access (NUMA), page placement, page replication},
	%url = {http://doi.acm.org/10.1145/2318916.2318929},
} 


@inproceedings{paper:alloc-survey,
	author = {Wilson, Paul R. and Johnstone, Mark S. and Neely, Michael and Boles, David},
	title = {Dynamic Storage Allocation: A Survey and Critical Review},
	booktitle = {Proceedings of the International Workshop on Memory Management},
	series = {IWMM '95},
	year = {1995},
	%isbn = {3-540-60368-9},
	%pages = {1--116},
	%numpages = {116},
	%acmid = {664690},
	%publisher = {Springer-Verlag},
	%address = {London, UK},
	%url = {http://dl.acm.org/citation.cfm?id=645647.664690},
}

@misc{Top500,
  howpublished = {http://www.top500.org/},
  title = {Top 500 Supercomputer Sites},
  author = {Top500},
  year = {2012},
}

@inproceedings{paper:Hera,
	author = {Jourdren, Hervé},
	title = {HERA: A Hydrodynamic {AMR} Platform for Multi-Physics Simulations},
	series = {Lecture Notes in Computational Science and Engineering},
	year={2005},
	%isbn={978-3-540-21147-1},
	booktitle={Adaptive Mesh Refinement - Theory and Applications},
	volume={41},
	editor={Plewa, Tomasz and Linde, Timur and Gregory Weirs, V.},
	%doi={10.1007/3-540-27039-6\_19},
	publisher={Springer Berlin Heidelberg},
	pages={283-294}
	%url="http://dx.doi.org/10.1007/3-540-27039-6_19",
}



@inproceedings{paper:adr-rcu,
	author = {Clements, Austin T. and Kaashoek, M. Frans and Zeldovich, Nickolai},
	title = {Scalable address spaces using RCU balanced trees},
	series = {ASPLOS XVII (2012)},
	%isbn = {978-1-4503-0759-8},
	year = {2012},
	location = {London, England, UK},
	%pages = {199--210},
	numpages = {12},
	%doi = {10.1145/2150976.2150998},
	acmid = {2150998},
	publisher = {ACM},
	%address = {New York, NY, USA},
	keywords = {RCU, concurrent balanced trees, lock-free algorithms, multicore, scalability, virtual memory},
	%url = {http://doi.acm.org/10.1145/2150976.2150998},
	%booktitle = {Proceedings of the seventeenth international conference on Architectural Support for Programming Languages and Operating Systems},
} 

@inproceedings{paper:hwloc,
    hal_id = {inria-00429889},
    title = {{hwloc: a Generic Framework for Managing Hardware Affinities in HPC Applications}},
    author = {Broquedis, Fran{\c c}ois and Clet-Ortega, J{\'e}r{\^o}me and Moreaud, St{\'e}phanie and Furmento, Nathalie and Goglin, Brice and Mercier, Guillaume and Thibault, Samuel and Namyst, Raymond},
    language = {English},
    affiliation = {Laboratoire Bordelais de Recherche en Informatique - LaBRI , RUNTIME - INRIA Bordeaux - Sud-Ouest},
    booktitle = {{PDP 2010}},
    %address = {Pisa, Italy},
    audience = {international },
    year = {2010},
    month = Feb,
    %editor = {IEEE },
    %doi = {10.1109/PDP.2010.67 },
    %booktitle = {{PDP 2010 - The 18th Euromicro International Conference on Parallel, Distributed and Network-Based Computing}},
    %pdf = {http://hal.inria.fr/inria-00429889/PDF/main.pdf},
    %url = {http://hal.inria.fr/inria-00429889},
}

@inproceedings{paper:Streamflow,
 author = {Michael, Maged M.},
 title = {Scalable lock-free dynamic memory allocation},
 booktitle = {Proceedings of the ACM SIGPLAN 2004 conference on Programming language design and implementation},
 series = {PLDI '04},
 year = {2004},
 %isbn = {1-58113-807-5},
 location = {Washington DC, USA},
 %pages = {35--46},
 numpages = {12},
 %doi = {10.1145/996841.996848},
 acmid = {996848},
 publisher = {ACM},
 %address = {New York, NY, USA},
 keywords = {async-signal-safe, availability, lock-free, malloc},
 %url = {http://doi.acm.org/10.1145/996841.996848},
} 
%Scalable address spaces using RCU balanced trees
%Improving memory affinity of geophysics applications on NUMA platforms using minas
%A Comparison of Memory Allocators for Multicore and Multithread Applications: A Quantitative Approach
%Cache index-aware memory allocation
%A Comparison of Memory Allocators for Multicore and Multithread Applications: A Quantitative Approach
%A study of memory management for web-based applications on multicore processors
%Scalable locality-conscious multithreaded memory allocation

%Google. Google Performance Tools.
%http://goog-perftools.sourceforge.net/.
