%%%%%%%%%%%%%%%%%%%%%%%%%%%%%%%%%%%%%%% CONTEXT %%%%%%%%%%%%%%%%%%%%%%%%%%%%%%%%%%%%%%%%%%%%%%%%%

@article{Thornton:1980:CP,
	author =       "James E. Thornton",
	title =        "The {CDC 6600} Project",
	journal =      "j-ANN-HIST-COMPUT",
	volume =       "2",
	number =       "4",
	pages =        "338--348",
	month =        "oct",
	year =         "1980",
	CODEN =        "AHCOE5",
	DOI =          "http://dx.doi.org/10.1109/MAHC.1980.10044",
	ISSN =         "0164-1239",
	bibdate =      "Fri Nov 1 15:29:17 MST 2002",
	bibsource =    "http://www.computer.org/annals/an1980/;
					http://www.math.utah.edu/pub/tex/bib/annhistcomput.bib",
	URL =          "http://dlib.computer.org/an/books/an1980/pdf/a4338.pdf;
					http://www.computer.org/annals/an1980/a4338abs.htm",
	acknowledgement = "ack-nhfb",
}

@article{Russell78,
	author = {Richard M. Russell},
	title = {The Cray-1 Computer System},
	journal = {Communications of the ACM},
	volume = {21},
	number = {1},
	pages = {63--72},
	issn = {0001-0782},
	year = {1978},
	note = {http://www.odysci.com/article/1010112982782683},
	url = {http://portal.acm.org/citation.cfm?id=359327.359336},
	doi = {10.1145/359327.359336},
}

@article{August:1989:CXB:58554.58557,
	author = {August, Melvin C. and Brost, Gerald M. and Hsiung, Christopher C. and Schiffleger, Alan J.},
	title = {Cray X-MP: The Birth of a Supercomputer},
	journal = {Computer},
	issue_date = {January 1989},
	volume = {22},
	number = {1},
	month = {jan},
	year = {1989},
	issn = {0018-9162},
	pages = {45--52},
	numpages = {8},
	url = {http://dx.doi.org/10.1109/2.19822},
	doi = {10.1109/2.19822},
	acmid = {58557},
	publisher = {IEEE Computer Society Press},
	address = {Los Alamitos, CA, USA},
} 

@inproceedings{Fujii:1997:APH:645607.661662,
	author = {Fujii, Hiroaki and Yasuda, Yoshiko and Akashi, Hideya and Inagami, Yasuhiro and Koga, Makoto and Ishihara, Osamu and Kashiyama, Masamori and Wada, Hideo and Sumimoto, Tsutomu},
	title = {Architecture and Performance of the Hitachi SR2201 Massively Parallel Processor System},
	booktitle = {Proceedings of the 11th International Symposium on Parallel Processing},
	series = {IPPS '97},
	year = {1997},
	isbn = {0-8186-7792-9},
	pages = {233--241},
	numpages = {9},
	url = {http://dl.acm.org/citation.cfm?id=645607.661662},
	acmid = {661662},
	publisher = {IEEE Computer Society},
	address = {Washington, DC, USA},
} 

@article{Baker:1999:CCC:315645.315661,
	author = {Baker, Mark and Buyya, Rajkumar},
	title = {Cluster computing: the commodity supercomputer},
	journal = {Softw. Pract. Exper.},
	issue_date = {May 1999},
	volume = {29},
	number = {6},
	month = may,
	year = {1999},
	issn = {0038-0644},
	pages = {551--576},
	numpages = {26},
	url = {http://dx.doi.org/10.1002/(SICI)1097-024X(199905)29:6<551::AID-SPE248>3.0.CO;2-C},
	doi = {10.1002/(SICI)1097-024X(199905)29:6<551::AID-SPE248>3.0.CO;2-C},
	acmid = {315661},
	publisher = {John Wiley \& Sons, Inc.},
	address = {New York, NY, USA},
	keywords = {clusters, commodity components, message-passing, parallel computing, supercomputing},
} 

@inproceedings{Eberl:1999:PCP:648136.746473,
	author = {Eberl, Michael and Karl, Wolfgang and Trinitis, Carsten and Blaszczyk, Andreas},
	title = {Parallel Computing on PC Clusters - An Alternative to Supercomputers for Industrial Applications},
	booktitle = {Proceedings of the 6th European PVM/MPI Users' Group Meeting on Recent Advances in Parallel Virtual Machine and Message Passing Interface},
	year = {1999},
	isbn = {3-540-66549-8},
	pages = {493--498},
	numpages = {6},
	url = {http://dl.acm.org/citation.cfm?id=648136.746473},
	acmid = {746473},
	publisher = {Springer-Verlag},
	address = {London, UK, UK},
} 

@article{Kronenberg:1986:VCD:214419.214421,
	author = {Kronenberg, Nancy P. and Levy, Henry M. and Strecker, William D.},
	title = {VAXcluster: a closely-coupled distributed system},
	journal = {ACM Trans. Comput. Syst.},
	issue_date = {May 1986},
	volume = {4},
	number = {2},
	month = may,
	year = {1986},
	issn = {0734-2071},
	pages = {130--146},
	numpages = {17},
	url = {http://doi.acm.org/10.1145/214419.214421},
	doi = {10.1145/214419.214421},
	acmid = {214421},
	publisher = {ACM},
	address = {New York, NY, USA},
} 

@inproceedings{Esser:1993:IPX:646696.703615,
	author = {Esser, R\"{u}diger and Knecht, Renate},
	title = {Intel Paragon XP/S - Architecture and Software Enviroment},
	booktitle = {Anwendungen, Architekturen, Trends, Seminar},
	series = {Supercomputer '93},
	year = {1993},
	isbn = {3-540-56948-0},
	pages = {121--141},
	numpages = {21},
	url = {http://dl.acm.org/citation.cfm?id=646696.703615},
	acmid = {703615},
	publisher = {Springer-Verlag},
	address = {London, UK, UK},
}

@article{Sunderam:1990:PFP:95324.95327,
	author = {Sunderam, V. S.},
	title = {PVM: a framework for parallel distributed computing},
	journal = {Concurrency: Pract. Exper.},
	issue_date = {Dec. 1990},
	volume = {2},
	number = {4},
	month = nov,
	year = {1990},
	issn = {1040-3108},
	pages = {315--339},
	numpages = {25},
	url = {http://dx.doi.org/10.1002/cpe.4330020404},
	doi = {10.1002/cpe.4330020404},
	acmid = {95327},
	publisher = {John Wiley and Sons Ltd.},
	address = {Chichester, UK},
} 

@techreport{MPI:1994:MMI:890839,
	author = {MPI, Forum},
	title = {MPI: A Message-Passing Interface},
	year = {1994},
	source = {http://www.ncstrl.org:8900/ncstrl/servlet/search?formname=detail\&id=oai%3Ancstrlh%3Aogi_cse%3Ancstrl.ogi_cse%2F%2FCSE-94-013},
	publisher = {Oregon Graduate Institute School of Science \& Engineering},
} 

@book{Foster:1998:GBN:289914,
	editor = {Foster, Ian and Kesselman, Carl},
	title = {The grid: blueprint for a new computing infrastructure},
	year = {1999},
	isbn = {1-55860-475-8},
	publisher = {Morgan Kaufmann Publishers Inc.},
	address = {San Francisco, CA, USA},
} 

@inproceedings{Cappello:2005:GLS:1253467.1253484,
	author = {Cappello, F. and Caron, E. and Dayde, M. and Desprez, F. and Jegou, Y. and Primet, P. and
	Jeannot, E. and Lanteri, S. and Leduc, J. and Melab, N. and Mornet, G. and Namyst, R. and Quetier,
	B. and Richard, O.},
	title = {Grid'5000: A Large Scale and Highly Reconfigurable Grid Experimental Testbed},
	booktitle = {Proceedings of the 6th IEEE/ACM International Workshop on Grid Computing},
	series = {GRID '05},
	year = {2005},
	isbn = {0-7803-9492-5},
	pages = {99--106},
	numpages = {8},
	url = {http://dx.doi.org/10.1109/GRID.2005.1542730},
	doi = {10.1109/GRID.2005.1542730},
	acmid = {1253484},
	publisher = {IEEE Computer Society},
	address = {Washington, DC, USA},
} 

@incollection{cerngrid,
	author={Robertson, Les},
	title={Computing Services for LHC: From Clusters to Grids},
	year={2012},
	isbn={978-3-642-23156-8},
	booktitle={From the Web to the Grid and Beyond},
	series={The Frontiers Collection},
	editor={Brun, Ren√© and Carminati, Federico and Galli Carminati, Giuliana},
	doi={10.1007/978-3-642-23157-5_3},
	url={http://dx.doi.org/10.1007/978-3-642-23157-5_3},
	publisher={Springer Berlin Heidelberg},
	pages={69-89},
	language={English}
}

@inproceedings{Barker:2008:EPE:1413370.1413372,
	author = {Barker, Kevin J. and Davis, Kei and Hoisie, Adolfy and Kerbyson, Darren J. and Lang, Mike
	and Pakin, Scott and Sancho, Jose C.},
	title = {Entering the petaflop era: the architecture and performance of Roadrunner},
	booktitle = {Proceedings of the 2008 ACM/IEEE conference on Supercomputing},
	series = {SC '08},
	year = {2008},
	isbn = {978-1-4244-2835-9},
	location = {Austin, Texas},
	pages = {1:1--1:11},
	articleno = {1},
	numpages = {11},
	url = {http://dl.acm.org/citation.cfm?id=1413370.1413372},
	acmid = {1413372},
	publisher = {IEEE Press},
	address = {Piscataway, NJ, USA},
	keywords = {Roadrunner, accelerators, heterogeneous, performance analysis, petascale computing},
} 

@inproceedings{Dongarra:1987:LBE:647970.742568,
	author = {Dongarra, Jack},
	title = {The LINPACK Benchmark: An Explanation},
	booktitle = {Proceedings of the 1st International Conference on Supercomputing},
	year = {1988},
	isbn = {3-540-18991-2},
	pages = {456--474},
	numpages = {19},
	url = {http://dl.acm.org/citation.cfm?id=647970.742568},
	acmid = {742568},
	publisher = {Springer-Verlag},
	address = {London, UK, UK},
} 

@misc{Top500,
	author = {Top500},
	title = {Top 500 Supercomputer Sites},
	howpublished = {http://www.top500.org/},
	year = {2010},
}

@article{Moore1965,
	author = {Moore, G. E.},
	title = {{Cramming More Components onto Integrated Circuits}},
	citeulike-article-id = {814762},
	citeulike-linkout-0 = {http://dx.doi.org/10.1109/jproc.1998.658762},
	citeulike-linkout-1 = {http://ieeexplore.ieee.org/xpls/abs\_all.jsp?arnumber=658762},
	day = {19},
	doi = {10.1109/jproc.1998.658762},
	issn = {0018-9219},
	journal = {Electronics},
	keywords = {engineeringindustry, fabrication},
	month = apr,
	number = {8},
	pages = {114--117},
	posted-at = {2007-10-10 14:15:19},
	priority = {2},
	publisher = {IEEE},
	url = {http://dx.doi.org/10.1109/jproc.1998.658762},
	volume = {38},
	year = {1965}
}

@inproceedings{moore1975,
	author = {Moore, Gordon E.},
	title = {{Progress in digital integrated electronics}},
	booktitle = {Electron Devices Meeting, 1975 International},
	citeulike-article-id = {7853206},
	citeulike-linkout-0 = {http://ieeexplore.ieee.org/xpls/abs\_all.jsp?arnumber=1478174},
	keywords = {moores-law},
	pages = {11--13},
	posted-at = {2010-09-18 18:12:16},
	priority = {0},
	url = {http://ieeexplore.ieee.org/xpls/abs\_all.jsp?arnumber=1478174},
	volume = {21},
	year = {1975}
}

@article{denard,
	author = {Denard, R. H. and Gaensslen, F. H. and Rideout, V. L. and Bassous, E. and Leblanc, A. R.},
	title = {{Design of ion-implanted MOSFETs with very small physical dimensions}},
	citeulike-article-id = {1472758},
	journal = {IEEE Journal of Solid-state Circuits},
	keywords = {bibtex-import},
	posted-at = {2007-07-22 06:28:27},
	priority = {0},
	volume = {98},
	year = {1974}
}

@MISC{Rau92instruction-levelparallel,
	author = {B. Ramakrishna Rau and Joseph A. Fisher},
	title = {Instruction-Level Parallel Processing: History, Overview and Perspective},
	year = {1992}
}

@book{Hennessy:2006:CAF:1200662,
	author = {Hennessy, John L. and Patterson, David A.},
	title = {Computer Architecture, Fourth Edition: A Quantitative Approach},
	year = {2006},
	isbn = {0123704901},
	publisher = {Morgan Kaufmann Publishers Inc.},
	address = {San Francisco, CA, USA},
} 

@article{Henning:2006:SCB:1186736.1186737,
	author = {Henning, John L.},
	title = {SPEC CPU2006 benchmark descriptions},
	journal = {SIGARCH Comput. Archit. News},
	issue_date = {September 2006},
	volume = {34},
	number = {4},
	month = sep,
	year = {2006},
	issn = {0163-5964},
	pages = {1--17},
	numpages = {17},
	url = {http://doi.acm.org/10.1145/1186736.1186737},
	doi = {10.1145/1186736.1186737},
	acmid = {1186737},
	publisher = {ACM},
	address = {New York, NY, USA},
} 

@article{Dennard2007518,
	author = "Robert H. Dennard and Jin Cai and Arvind Kumar",
	title = "A perspective on today's scaling challenges and possible future directions",
	journal = "Solid-State Electronics ",
	volume = "51",
	number = "4",
	pages = "518 - 525",
	year = "2007",
	note = "<ce:title>Special Issue: Papers selected from the 2006 \{ULIS\} Conference</ce:title> ",
	issn = "0038-1101",
	doi = "http://dx.doi.org/10.1016/j.sse.2007.02.004",
	url = "http://www.sciencedirect.com/science/article/pii/S0038110107000500",
	keywords = "Scaling",
	keywords = "Variability",
	keywords = "Power",
	keywords = "Limits",
	keywords = "\{CMOS\} "
}

@article{Wulf:1995:HMW:216585.216588,
	author = {Wulf, Wm. A. and McKee, Sally A.},
	title = {Hitting the memory wall: implications of the obvious},
	journal = {SIGARCH Comput. Archit. News},
	issue_date = {March 1995},
	volume = {23},
	number = {1},
	month = mar,
	year = {1995},
	issn = {0163-5964},
	pages = {20--24},
	numpages = {5},
	url = {http://doi.acm.org/10.1145/216585.216588},
	doi = {10.1145/216585.216588},
	acmid = {216588},
	publisher = {ACM},
	address = {New York, NY, USA},
} 

@inproceedings{Buck:2007:GCP:1251974.1252526,
	author = {Buck, Ian},
	title = {GPU Computing: Programming a Massively Parallel Processor},
	booktitle = {Proceedings of the International Symposium on Code Generation and Optimization},
	series = {CGO '07},
	year = {2007},
	isbn = {0-7695-2764-7},
	pages = {17--},
	url = {http://dx.doi.org/10.1109/CGO.2007.13},
	doi = {10.1109/CGO.2007.13},
	acmid = {1252526},
	publisher = {IEEE Computer Society},
	address = {Washington, DC, USA},
} 

@article{Stone:2010:OPP:622179.1803953,
	author = {Stone, John E. and Gohara, David and Shi, Guochun},
	title = {OpenCL: A Parallel Programming Standard for Heterogeneous Computing Systems},
	journal = {IEEE Des. Test},
	issue_date = {May 2010},
	volume = {12},
	number = {3},
	month = may,
	year = {2010},
	issn = {0740-7475},
	pages = {66--73},
	numpages = {8},
	url = {http://dx.doi.org/10.1109/MCSE.2010.69},
	doi = {10.1109/MCSE.2010.69},
	acmid = {1803953},
	publisher = {IEEE Computer Society Press},
	address = {Los Alamitos, CA, USA},
} 

@incollection{Augonnet:2009:URS:1533439.1533464,
	author = {Augonnet, C{\'e}dric and Namyst, Raymond},
	title = {Euro-Par 2008 Workshops - Parallel Processing},
	chapter = {A Unified Runtime System for Heterogeneous Multi-core Architectures},
	editor = {C{\'e}sar, Eduardo and Alexander, Michael and Streit, Achim and Tr\"{a}ff, Jesper Larsson and C{\'e}rin, Christophe and Kn\"{u}pfer, Andreas and Kranzlm\"{u}ller, Dieter and Jha, Shantenu},
	year = {2009},
	isbn = {978-3-642-00954-9},
	pages = {174--183},
	numpages = {10},
	url = {http://dx.doi.org/10.1007/978-3-642-00955-6_22},
	doi = {10.1007/978-3-642-00955-6_22},
	acmid = {1533464},
	publisher = {Springer-Verlag},
	address = {Berlin, Heidelberg},
} 

@inproceedings{Ayguade:2009:ESP:1616772.1616863,
	author = {Ayguad{\'e}, Eduard and Badia, Rosa M. and Igual, Francisco D. and Labarta, Jes\'{u}s and Mayo, Rafael and Quintana-Ort\'{\i}, Enrique S.},
	title = {An Extension of the StarSs Programming Model for Platforms with Multiple GPUs},
	booktitle = {Proceedings of the 15th International Euro-Par Conference on Parallel Processing},
	series = {Euro-Par '09},
	year = {2009},
	isbn = {978-3-642-03868-6},
	location = {Delft, The Netherlands},
	pages = {851--862},
	numpages = {12},
	url = {http://dx.doi.org/10.1007/978-3-642-03869-3_79},
	doi = {10.1007/978-3-642-03869-3_79},
	acmid = {1616863},
	publisher = {Springer-Verlag},
	address = {Berlin, Heidelberg},
	keywords = {Task-level parallelism, graphics processors, heterogeneous systems, programming models},
} 

@inproceedings{gautier:hal-00799904,
	author = {Gautier, Thierry and Ferreira Lima, Joao Vicente and Maillard, Nicolas and Raffin, Bruno},
	title = {{XKaapi: A Runtime System for Data-Flow Task Programming on Heterogeneous Architectures}},
	hal_id = {hal-00799904},
	url = {http://hal.inria.fr/hal-00799904},
	keywords = {High Performance Computing; Data-Flow task model; Heterogeneous architectures; Locality Aware Work Stealing; Dense Linear Algebra;},
	language = {Anglais},
	affiliation = {MOAIS - INRIA Grenoble Rh{\^o}ne-Alpes / LIG Laboratoire d'Informatique de Grenoble , Instituto de Inform{\'a}tica da UFRGS - UFRGS},
	booktitle = {{27th IEEE International Parallel \& Distributed Processing Symposium (IPDPS)}},
	address = {Boston, Massachusetts, {\'E}tats-Unis},
	audience = {internationale },
	year = {2013},
	month = {May},
	pdf = {http://hal.inria.fr/hal-00799904/PDF/ipdps2013.pdf},
}

@misc{MPC-vet,
	author = {Jean-Yves Vet, Patrick Carribault, Albert Cohen},
	title = {Multigrain Affinity for Heterogeneous Work Stealing},
	series = {MULTIPROG-2012},
	year = {2012}
}

@Inproceedings{GREEN500,
	author = {Sushant Sharma and Chung-Hsing Hsu and Wu-chun Feng},
	title = {Making a case for a Green500 list},
	year = {2006},
	abstract = {},
	booktitle = {IEEE International Parallel and Distributed Processing Symposium (IPDPS 2006)/ Workshop 
					on High Performance - Power Aware Computing},
}

@ARTICLE{6128005, 
	author={Tolentino, M. and Cameron, K.W.}, 
	journal={Computer}, 
	title={The Optimist, the Pessimist, and the Global Race to Exascale in 20 Megawatts}, 
	year={2012}, 
	volume={45}, 
	number={1}, 
	pages={95-97}, 
	keywords={globalisation;innovation management;power engineering computing;exascale systems;global race;innovations;power 20 MW;power envelope;Power system planning;Supercomputers;Technological innovation;Green500;exascale computing;supercomputing}, 
	doi={10.1109/MC.2012.34}, 
	ISSN={0018-9162},
}

@article{Esmaeilzadeh:2012:PLD:2324876.2324879,
	author = {Esmaeilzadeh, Hadi and Blem, Emily and St. Amant, Ren{\'e}e and Sankaralingam, Karthikeyan and Burger, Doug},
	title = {Power Limitations and Dark Silicon Challenge the Future of Multicore},
	journal = {ACM Trans. Comput. Syst.},
	issue_date = {August 2012},
	volume = {30},
	number = {3},
	month = aug,
	year = {2012},
	issn = {0734-2071},
	pages = {11:1--11:27},
	articleno = {11},
	numpages = {27},
	url = {http://doi.acm.org/10.1145/2324876.2324879},
	doi = {10.1145/2324876.2324879},
	acmid = {2324879},
	publisher = {ACM},
	address = {New York, NY, USA},
	keywords = {Dark silicon, modeling, multicore, power, technology scaling},
}

@misc{linuxpasr,
	author = {Henrik Kjellberg},
	title = {Partial Array Self-refresh in Linux},
	year = {2010},
	url = {http://sam.cs.lth.se/ExjobGetFile?id=240}
}

@misc{memorylinuxoff,
	author = {Srivatsa S. Bhat},
	title = {mm: Memory Power Management},
	url = {http://lkml.indiana.edu/hypermail/linux/kernel/1304.1/01626.html},
	year = {2013}
}

@article{Liu:2011:FSD:1961295.1950391,
	author = {Liu, Song and Pattabiraman, Karthik and Moscibroda, Thomas and Zorn, Benjamin G.},
	title = {Flikker: saving DRAM refresh-power through critical data partitioning},
	journal = {SIGARCH Comput. Archit. News},
	issue_date = {March 2011},
	volume = {39},
	number = {1},
	month = mar,
	year = {2011},
	issn = {0163-5964},
	pages = {213--224},
	numpages = {12},
	url = {http://doi.acm.org/10.1145/1961295.1950391},
	doi = {10.1145/1961295.1950391},
	acmid = {1950391},
	publisher = {ACM},
	address = {New York, NY, USA},
	keywords = {allocation, critical data, dram refresh, power-savings, soft errors},
} 

@misc{Drepper07whatevery,
	author = {Ulrich Drepper},
	title = {{What Every Programmer Should Know About Memory}},
	year = {2007}
}

@inproceedings{Amdahl:1967:VSP:1465482.1465560,
	author = {Amdahl, Gene M.},
	title = {Validity of the single processor approach to achieving large scale computing capabilities},
	booktitle = {Proceedings of the April 18-20, 1967, spring joint computer conference},
	series = {AFIPS '67 (Spring)},
	year = {1967},
	location = {Atlantic City, New Jersey},
	pages = {483--485},
	numpages = {3},
	url = {http://doi.acm.org/10.1145/1465482.1465560},
	doi = {10.1145/1465482.1465560},
	acmid = {1465560},
	publisher = {ACM},
	address = {New York, NY, USA},
} 

@ARTICLE{1447203, 
	author={Flynn, M.}, 
	title={Very high-speed computing systems}, 
	journal={Proceedings of the IEEE}, 
	year={1966}, 
	volume={54}, 
	number={12}, 
	pages={1901-1909}, 
	keywords={Arithmetic;Art;Computer aided instruction;Hardware;Impedance matching;Large-scale systems;Pervasive computing;Scientific computing;Turing machines}, 
	doi={10.1109/PROC.1966.5273}, 
	ISSN={0018-9219},
}

@misc{wikiflynn,
	title = {Flynn's taxonomy},
	url = {https://en.wikipedia.org/wiki/Flynn%27s_taxonomy},
}

@inproceedings{Perache:2009:MMI:1612208.1612230,
	author = {P{\'e}rache, Marc and Carribault, Patrick and Jourdren, Herv{\'e}},
	title = {MPC-MPI: An MPI Implementation Reducing the Overall Memory Consumption},
	booktitle = {Proceedings of the 16th European PVM/MPI Users' Group Meeting on Recent Advances in Parallel Virtual Machine and Message Passing Interface},
	year = {2009},
	isbn = {978-3-642-03769-6},
	location = {Espoo, Finland},
	pages = {94--103},
	numpages = {10},
	url = {http://dx.doi.org/10.1007/978-3-642-03770-2_16},
	doi = {10.1007/978-3-642-03770-2_16},
	acmid = {1612230},
	publisher = {Springer-Verlag},
	address = {Berlin, Heidelberg},
	keywords = {High-performance computing, Memory consumption, Message passing, Multithreading},
} 

@article{Buntinas:2007:IES:1290208.1290505,
	author = {Buntinas, Darius and Mercier, Guillaume and Gropp, William},
	title = {Implementation and evaluation of shared-memory communication and synchronization operations in MPICH2 using the Nemesis communication subsystem},
	journal = {Parallel Comput.},
	issue_date = {September, 2007},
	volume = {33},
	number = {9},
	month = sep,
	year = {2007},
	issn = {0167-8191},
	pages = {634--644},
	numpages = {11},
	url = {http://dx.doi.org/10.1016/j.parco.2007.06.003},
	doi = {10.1016/j.parco.2007.06.003},
	acmid = {1290505},
	publisher = {Elsevier Science Publishers B. V.},
	address = {Amsterdam, The Netherlands, The Netherlands},
	keywords = {Communication subsystem, MPI, MPI implementation, Message passing, Parallel computing, Shared-memory},
} 

@inproceedings{Silva:1996:IDS:882472.883404,
	author = {Silva, L. M. and Silva, J. G. and Chapple, S.},
	title = {Implementing Distributed Shared Memory on Top of MPI: The DSMPI Library},
	booktitle = {Proceedings of the 4th Euromicro Workshop on Parallel and Distributed Processing (PDP '96)},
	series = {PDP '96},
	year = {1996},
	pages = {50--},
	url = {http://dl.acm.org/citation.cfm?id=882472.883404},
	acmid = {883404},
	publisher = {IEEE Computer Society},
	address = {Washington, DC, USA},
	keywords = {Cray T3D, DSMPI library, MPI, coherence protocols, consistency, distributed memory
machines, distributed memory systems, distributed shared memory, message passing, parallel library,
parallel programming, performance, programming interface, scalability, shared memory systems,
software libraries, software performance evaluation, software portability, workstation network},
} 

@book{Barak:1993:MDO:563048,
	author = {Barak, Amnon and Guday, Shai and Wheeler, Richard G.},
	title = {The  MOSIX Distributed Operating System: Load Balancing for UNIX},
	year = {1993},
	isbn = {0387566635},
	publisher = {Springer-Verlag New York, Inc.},
	address = {Secaucus, NJ, USA},
} 

@inproceedings{Perache:2008:MUP:1429623.1429633,
	author = {P{\'e}rache, Marc and Jourdren, Herv{\'e} and Namyst, Raymond},
	title = {MPC: A Unified Parallel Runtime for Clusters of NUMA Machines},
	booktitle = {Proceedings of the 14th international Euro-Par conference on Parallel Processing},
	series = {Euro-Par '08},
	year = {2008},
	isbn = {978-3-540-85450-0},
	location = {Las Palmas de Gran Canaria, Spain},
	pages = {78--88},
	numpages = {11},
	url = {http://dx.doi.org/10.1007/978-3-540-85451-7_9},
	doi = {10.1007/978-3-540-85451-7_9},
	acmid = {1429633},
	publisher = {Springer-Verlag},
	address = {Berlin, Heidelberg},
} 

@inproceedings{Carribault:2010:ELH:2163999.2164001,
	author = {Carribault, Patrick and P{\'e}rache, Marc and Jourdren, Herv{\'e}},
	title = {Enabling low-overhead hybrid MPI/OpenMP parallelism with MPC},
	booktitle = {Proceedings of the 6th international conference on Beyond Loop Level Parallelism in OpenMP: accelerators, Tasking and more},
	series = {IWOMP'10},
	year = {2010},
	isbn = {3-642-13216-2, 978-3-642-13216-2},
	location = {Tsukuba, Japan},
	pages = {1--14},
	numpages = {14},
	url = {http://dx.doi.org/10.1007/978-3-642-13217-9_1},
	doi = {10.1007/978-3-642-13217-9_1},
	acmid = {2164001},
	publisher = {Springer-Verlag},
	address = {Berlin, Heidelberg},
} 

@inproceedings{Tchiboukdjian:2012:HLS:2357496.2358605,
	author = {Tchiboukdjian, Marc and Carribault, Patrick and Perache, Marc},
	title = {Hierarchical Local Storage: Exploiting Flexible User-Data Sharing Between MPI Tasks},
	booktitle = {Proceedings of the 2012 IEEE 26th International Parallel and Distributed Processing Symposium},
	series = {IPDPS '12},
	year = {2012},
	isbn = {978-0-7695-4675-9},
	pages = {366--377},
	numpages = {12},
	url = {http://dx.doi.org/10.1109/IPDPS.2012.42},
	doi = {10.1109/IPDPS.2012.42},
	acmid = {2358605},
	publisher = {IEEE Computer Society},
	address = {Washington, DC, USA},
	keywords = {High-Performance Computing, Parallel Programming Model, Memory Consumption},
} 

@ARTICLE{5219356,
	author={Kilburn, T. and Edwards, D. B G and Lanigan, M. J. and Sumner, F. H.}, 
	title={One-Level Storage System}, 
	journal={Electronic Computers, IRE Transactions on}, 
	year={1962}, 
	volume={EC-11}, 
	number={2}, 
	pages={223-235}, 
	keywords={Computer peripherals;Hardware;Magnetic cores;Magnetic materials;Photonic crystals;Programming profession;Prototypes;Storage automation;Switches;Terrorism}, 
	doi={10.1109/TEC.1962.5219356}, 
	ISSN={0367-9950},
}

@inproceedings{Bensoussan:1969:MVM:961053.961069,
	author = {Bensoussan, A. and Clingen, C. T. and Daley, R. C.},
	title = {The multics virtual memory},
	booktitle = {Proceedings of the second symposium on Operating systems principles},
	series = {SOSP '69},
	year = {1969},
	location = {Princeton, New Jersey},
	pages = {30--42},
	numpages = {13},
	url = {http://doi.acm.org/10.1145/961053.961069},
	doi = {10.1145/961053.961069},
	acmid = {961069},
	publisher = {ACM},
	address = {New York, NY, USA},
} 

%%%%%%%%%%%%%%%%%%%%%%%%%%%%%%%%%%%%%% MEMORY %%%%%%%%%%%%%%%%%%%%%%%%%%%%%%%%%%%%%%%%%%%%%%%%%

@book{TanenbaumArchi,
	author = {Tanenbaum, Andrew S.},
	title = {{Structured Computer Organization (5th Edition)}},
	year = {2005},
	isbn = {0131485210},
}

@book{Hansen:1973:OSP:540365,
	author = {Hansen, Per Brinch},
	title = {Operating system principles},
	year = {1973},
	isbn = {0-13-637843-9},
	publisher = {Prentice-Hall, Inc.},
	address = {Upper Saddle River, NJ, USA},
} 

@book{lorin1972parallelism,
	author={Lorin, H.},
	title={Parallelism in Hardware and Software: Real and Apparent Concurrency},
	isbn={9780136486343},
	lccn={74172889},
	series={Prentice-Hall Series in Automatic Computation},
	url={http://books.google.fr/books?id=-LMmAAAAMAAJ},
	year={1972},
	publisher={Pearson Education, Limited}
}

@inproceedings{Glaser:1965:SDC:1463891.1463913,
	author = {Glaser, E. L. and Couleur, J. F. and Oliver, G. A.},
	title = {System design of a computer for time sharing applications},
	booktitle = {Proceedings of the November 30--December 1, 1965, fall joint computer conference, part I},
	series = {AFIPS '65 (Fall, part I)},
	year = {1965},
	location = {Las Vegas, Nevada},
	pages = {197--202},
	numpages = {6},
	url = {http://doi.acm.org/10.1145/1463891.1463913},
	doi = {10.1145/1463891.1463913},
	acmid = {1463913},
	publisher = {ACM},
	address = {New York, NY, USA},
} 

@article{McGee:1965:DPR:1663363.1663365,
	author = {McGee, W. C.},
	title = {On dynamic program relocation},
	journal = {IBM Syst. J.},
	issue_date = {September 1965},
	volume = {4},
	number = {3},
	month = sep,
	year = {1965},
	issn = {0018-8670},
	pages = {184--199},
	numpages = {16},
	url = {http://dx.doi.org/10.1147/sj.43.0184},
	doi = {10.1147/sj.43.0184},
	acmid = {1663365},
	publisher = {IBM Corp.},
	address = {Riverton, NJ, USA},
} 

@ARTICLE{1369143, 
	author={Robertson, L.}, 
	title={Anecdotes}, 
	journal={Annals of the History of Computing, IEEE}, 
	year={2004}, 
	volume={26}, 
	number={4}, 
	pages={71-73}, 
	keywords={Automatic control;Computer aided manufacturing;Control systems;Natural languages;Programming profession;Virtual machining}, 
	doi={10.1109/MAHC.2004.22}, 
	ISSN={1058-6180},
}

@article{Rizzo:1997:VFA:250007.250012,
	author = {Rizzo, Luigi},
	title = {A very fast algorithm for RAM compression},
	journal = {SIGOPS Oper. Syst. Rev.},
	issue_date = {April 1997},
	volume = {31},
	number = {2},
	month = apr,
	year = {1997},
	issn = {0163-5980},
	pages = {36--45},
	numpages = {10},
	url = {http://doi.acm.org/10.1145/250007.250012},
	doi = {10.1145/250007.250012},
	acmid = {250012},
	publisher = {ACM},
	address = {New York, NY, USA},
} 

@article{Yang:2010:HOS:1721695.1721696,
	author = {Yang, Lei and Dick, Robert P. and Lekatsas, Haris and Chakradhar, Srimat},
	title = {High-performance operating system controlled online memory compression},
	journal = {ACM Trans. Embed. Comput. Syst.},
	issue_date = {March 2010},
	volume = {9},
	number = {4},
	month = apr,
	year = {2010},
	issn = {1539-9087},
	pages = {30:1--30:28},
	articleno = {30},
	numpages = {28},
	url = {http://doi.acm.org/10.1145/1721695.1721696},
	doi = {10.1145/1721695.1721696},
	acmid = {1721696},
	publisher = {ACM},
	address = {New York, NY, USA},
	keywords = {Embedded system, compression, memory},
} 

@article{Denning:1970:VM:356571.356573,
	author = {Denning, Peter J.},
	title = {Virtual Memory},
	journal = {ACM Comput. Surv.},
	issue_date = {Sept. 1970},
	volume = {2},
	number = {3},
	month = sep,
	year = {1970},
	issn = {0360-0300},
	pages = {153--189},
	numpages = {37},
	url = {http://doi.acm.org/10.1145/356571.356573},
	doi = {10.1145/356571.356573},
	acmid = {356573},
	publisher = {ACM},
	address = {New York, NY, USA},
} 

@article{Daley:1968:VMP:363095.363139,
	author = {Daley, Robert C. and Dennis, Jack B.},
	title = {Virtual memory, processes, and sharing in MULTICS},
	journal = {Commun. ACM},
	issue_date = {May 1968},
	volume = {11},
	number = {5},
	month = may,
	year = {1968},
	issn = {0001-0782},
	pages = {306--312},
	numpages = {7},
	url = {http://doi.acm.org/10.1145/363095.363139},
	doi = {10.1145/363095.363139},
	acmid = {363139},
	publisher = {ACM},
	address = {New York, NY, USA},
	keywords = {data sharing, dynamic linking, file maintenance, information sharing, multiprogramming, paging, segmentation, shared procedures, storage hierarchies, storage management, virtual memory},
} 

@inproceedings{Kilburn:1961:AS:1460764.1460786,
	author = {Kilburn, T. and Payne, R. B. and Howarth, D. J.},
	title = {The Atlas supervisor},
	booktitle = {Proceedings of the December 12-14, 1961, eastern joint computer conference: computers - key to total systems control},
	series = {AFIPS '61 (Eastern)},
	year = {1961},
	location = {Washington, D.C.},
	pages = {279--294},
	numpages = {16},
	url = {http://doi.acm.org/10.1145/1460764.1460786},
	doi = {10.1145/1460764.1460786},
	acmid = {1460786},
	publisher = {ACM},
	address = {New York, NY, USA},
} 

@manual{intel2010-3A-1,
	title = "Intel¬Æ 64 and IA-32 Architectures Software Developer's Manual Volume 3A: System Programming Guide, part 1",
	organization = "Intel Corporation",
	year = "2010",
	keywords = "Architectures Manual",
	url = "http://www.intel.com/Assets/PDF/manual/253668.pdf",
	month = "June"
}

@manual{intel2010-3B-2,
	title = "Intel¬Æ 64 and IA-32 Architectures Software Developer‚Äôs Manual Volume 3B: System Programming Guide, Part 2",
	organization = "Intel Corporation",
	year = "2010",
	keywords = "Architectures Manual",
	url = "http://www.intel.com/Assets/PDF/manual/253668.pdf",
	month = "June"
}

@book{book:linuxKernel3rd,
	author = {Bovet, Daniel P. and Marco Cesati Ph},
	title = {Understanding the Linux Kernel, Third Edition},
	citeulike-article-id = {3092957},
	citeulike-linkout-0 = {http://www.amazon.ca/exec/obidos/redirect?tag=citeulike09-20\&amp;path=ASIN/0596005652},
	citeulike-linkout-7 = {http://books.google.com/books?vid=ISBN0596005652},
	day = {17},
	edition = {3},
	howpublished = {Paperback},
	isbn = {0596005652},
	keywords = {kernel, linux},
	month = {November},
	posted-at = {2008-08-06 23:04:29},
	priority = {2},
	publisher = {O'Reilly Media},
	url = {http://www.amazon.com/exec/obidos/redirect?tag=citeulike07-20\&path=ASIN/0596005652},
	year = {2005}
}

@inproceedings{Johnstone:1998:MFP:286860.286864,
	author = {Johnstone, Mark S. and Wilson, Paul R.},
	title = {The memory fragmentation problem: solved?},
	booktitle = {Proceedings of the 1st international symposium on Memory management},
	series = {ISMM '98},
	year = {1998},
	isbn = {1-58113-114-3},
	location = {Vancouver, British Columbia, Canada},
	pages = {26--36},
	numpages = {11},
	url = {http://doi.acm.org/10.1145/286860.286864},
	doi = {http://doi.acm.org/10.1145/286860.286864},
	acmid = {286864},
	publisher = {ACM},
	address = {New York, NY, USA},
}

@article{Nethercote:2007:VFH:1273442.1250746,
	author = {Nethercote, Nicholas and Seward, Julian},
	title = {Valgrind: a framework for heavyweight dynamic binary instrumentation},
	journal = {SIGPLAN Not.},
	issue_date = {June 2007},
	volume = {42},
	number = {6},
	month = jun,
	year = {2007},
	issn = {0362-1340},
	pages = {89--100},
	numpages = {12},
	url = {http://doi.acm.org/10.1145/1273442.1250746},
	doi = {10.1145/1273442.1250746},
	acmid = {1250746},
	publisher = {ACM},
	address = {New York, NY, USA},
	keywords = {Memcheck, Valgrind, dynamic binary analysis, dynamic binary instrumentation, shadow values},
} 

@article{McCarthy:1960:RFS:367177.367199,
	author = {McCarthy, John},
	title = {Recursive functions of symbolic expressions and their computation by machine, Part I},
	journal = {Commun. ACM},
	issue_date = {April 1960},
	volume = {3},
	number = {4},
	month = apr,
	year = {1960},
	issn = {0001-0782},
	pages = {184--195},
	numpages = {12},
	url = {http://doi.acm.org/10.1145/367177.367199},
	doi = {10.1145/367177.367199},
	acmid = {367199},
	publisher = {ACM},
	address = {New York, NY, USA},
} 

@techreport{Detlefs:2000:GMG:974992,
	author = {Detlefs, David and Printezis, Tony},
	title = {A Generational Mostly-concurrent Garbage Collector},
	year = {2000},
	publisher = {Sun Microsystems, Inc.},
	address = {Mountain View, CA, USA},
} 

@article{Barabash:2003:MCG:949343.949328,
	author = {Barabash, Katherine and Ossia, Yoav and Petrank, Erez},
	title = {Mostly concurrent garbage collection revisited},
	journal = {SIGPLAN Not.},
	issue_date = {November 2003},
	volume = {38},
	number = {11},
	month = oct,
	year = {2003},
	issn = {0362-1340},
	pages = {255--268},
	numpages = {14},
	url = {http://doi.acm.org/10.1145/949343.949328},
	doi = {10.1145/949343.949328},
	acmid = {949328},
	publisher = {ACM},
	address = {New York, NY, USA},
	keywords = {JVM, Java, concurrent garbage collection, garbage collection, incremental garbage collection},
} 

@inproceedings{paper:alloc-lifetime,
	author = {Seidl, Matthew L. and Zorn, Benjamin G.},
	title = {Segregating heap objects by reference behavior and lifetime},
	booktitle = {Proceedings of the eighth international conference on Architectural support for programming languages and operating systems},
	series = {ASPLOS VIII},
	year = {1998},
	%isbn = {1-58113-107-0},
	location = {San Jose, California, USA},
	%pages = {12--23},
	numpages = {12},
	%url = {http://doi.acm.org/10.1145/291069.291012},
	%doi = {10.1145/291069.291012},
	%acmid = {291012},
	%publisher = {ACM},
	%address = {New York, NY, USA},
} 

@inproceedings{paper:Barrett1993-ULP,
	author = {Barrett, David A. and Zorn, Benjamin G.},
	title = {Using lifetime predictors to improve memory allocation performance},
	booktitle = {Proceedings of the ACM SIGPLAN 1993 conference on Programming language design and implementation},
	series = {PLDI '93},
	year = {1993},
	isbn = {0-89791-598-4},
	location = {Albuquerque, New Mexico, United States},
	pages = {187--196},
	numpages = {10},
	url = {http://doi.acm.org/10.1145/155090.155108},
	doi = {http://doi.acm.org/10.1145/155090.155108},
	acmid = {155108},
	publisher = {ACM},
	address = {New York, NY, USA},
}

@inproceedings{Banakar:2002:SMD:774789.774805,
	author = {Banakar, Rajeshwari and Steinke, Stefan and Lee, Bo-Sik and Balakrishnan, M. and Marwedel, Peter},
	title = {Scratchpad memory: design alternative for cache on-chip memory in embedded systems},
	booktitle = {Proceedings of the tenth international symposium on Hardware/software codesign},
	series = {CODES '02},
	year = {2002},
	isbn = {1-58113-542-4},
	location = {Estes Park, Colorado},
	pages = {73--78},
	numpages = {6},
	url = {http://doi.acm.org/10.1145/774789.774805},
	doi = {10.1145/774789.774805},
	acmid = {774805},
	publisher = {ACM},
	address = {New York, NY, USA},
} 

@article{DBLP:journals/ieicet/SeongKRPP04,
	author    = {Byeong Hag Seong and Donggook Kim and Yangwoo Roh and Kyu Ho Park and Daeyeon Park},
	title     = {TLB Update-Hint: A Scalable TLB Consistency Algorithm for Cache-Coherent Non-uniform Memory Access Multiprocessors},
	journal   = {IEICE Transactions},
	volume    = {87-D},
	number    = {7},
	year      = {2004},
	pages     = {1682-1692},
	ee        = {http://search.ieice.org/bin/summary.php?id=e87-d_7_1682},
	bibsource = {DBLP, http://dblp.uni-trier.de}
}

@article{Verghese:1996:OSS:248209.237205,
	author = {Verghese, Ben and Devine, Scott and Gupta, Anoop and Rosenblum, Mendel},
	title = {Operating system support for improving data locality on CC-NUMA compute servers},
	journal = {SIGPLAN Not.},
	issue_date = {Sept. 1996},
	volume = {31},
	number = {9},
	month = sep,
	year = {1996},
	issn = {0362-1340},
	pages = {279--289},
	numpages = {11},
	url = {http://doi.acm.org/10.1145/248209.237205},
	doi = {10.1145/248209.237205},
	acmid = {237205},
	publisher = {ACM},
	address = {New York, NY, USA},
}

@misc{LinuxNUMAscala,
	author = {R. Bryant, J. Howker},
	title = {Linux scalability for large NUMA systems},
	year = {2003},
	series = {Linux Symposium}
}

@incollection{hera,
	author={Jourdren, Herv√©},
	year={2005},
	isbn={978-3-540-21147-1},
	booktitle={Adaptive Mesh Refinement - Theory and Applications},
	volume={41},
	series={Lecture Notes in Computational Science and Engineering},
	editor={Plewa, Tomasz and Linde, Timur and Gregory Weirs, V.},
	doi={10.1007/3-540-27039-6_19},
	title={HERA: A Hydrodynamic AMR Platform for Multi-Physics Simulations},
	url={http://dx.doi.org/10.1007/3-540-27039-6_19},
	publisher={Springer Berlin Heidelberg},
	pages={283-294}
}


%%%%%%%%%%%%%%%%%%%%%%%%%%%%%%%%%%%%%% OS IMPACT %%%%%%%%%%%%%%%%%%%%%%%%%%%%%%%%%%%%%%%%%%%

@inproceedings{Lynch:1992:EPA:144953.145814,
	author = {Lynch, William L. and Bray, Brian K. and Flynn, M. J.},
	title = {The effect of page allocation on caches},
	booktitle = {Proceedings of the 25th annual international symposium on Microarchitecture},
	series = {MICRO 25},
	year = {1992},
	isbn = {0-8186-3175-9},
	location = {Portland, Oregon, USA},
	pages = {222--225},
	numpages = {4},
	url = {http://dl.acm.org/citation.cfm?id=144953.145814},
	acmid = {145814},
	publisher = {IEEE Computer Society Press},
	address = {Los Alamitos, CA, USA},
	keywords = {cache, page allocation, page coloring, virtual memory},
} 

@article{Cekleov:1997:VCP:623277.624131,
	author = {Cekleov, Michel and Dubois, Michel},
	title = {Virtual-Address Caches Part 1: Problems and Solutions in Uniprocessors},
	journal = {IEEE Micro},
	issue_date = {September 1997},
	volume = {17},
	number = {5},
	month = sep,
	year = {1997},
	issn = {0272-1732},
	pages = {64--71},
	numpages = {8},
	url = {http://dx.doi.org/10.1109/40.621215},
	doi = {10.1109/40.621215},
	acmid = {624131},
	publisher = {IEEE Computer Society Press},
	address = {Los Alamitos, CA, USA},
	keywords = {Caches, microprocessors, uniprocessor architecture, multiprocessor architecture},
} 

@inproceedings{Chilimbi:1999:CSL:301618.301633,
	author = {Chilimbi, Trishul M. and Hill, Mark D. and Larus, James R.},
	title = {Cache-conscious structure layout},
	booktitle = {Proceedings of the ACM SIGPLAN 1999 conference on Programming language design and implementation},
	series = {PLDI '99},
	year = {1999},
	isbn = {1-58113-094-5},
	location = {Atlanta, Georgia, United States},
	pages = {1--12},
	numpages = {12},
	url = {http://doi.acm.org/10.1145/301618.301633},
	doi = {http://doi.acm.org/10.1145/301618.301633},
	acmid = {301633},
	publisher = {ACM},
	address = {New York, NY, USA},
	keywords = {cache-conscious allocation, cache-conscious data placement, cache-conscious reorganization, clustering, coloring},
}

@inproceedings{Herter:2011:CPC:2056313.2056716,
	author = {Herter, Jorg and Backes, Peter and Haupenthal, Florian and Reineke, Jan},
	title = {CAMA: A Predictable Cache-Aware Memory Allocator},
	booktitle = {Proceedings of the 2011 23rd Euromicro Conference on Real-Time Systems},
	series = {ECRTS '11},
	year = {2011},
	isbn = {978-0-7695-4442-7},
	pages = {23--32},
	numpages = {10},
	url = {http://dx.doi.org/10.1109/ECRTS.2011.11},
	doi = {10.1109/ECRTS.2011.11},
	acmid = {2056716},
	publisher = {IEEE Computer Society},
	address = {Washington, DC, USA},
	keywords = {Dynamic storage allocation, WCET analysis, predictability},
} 

@article{paper:KesslerHill1992,
	author = {Kessler, R. E. and Hill, Mark D.},
	title = {{Page placement algorithms for large real-indexed caches}},
	journal = {ACM Trans. Comput. Syst.},
	volume = {volume 10},
	issue = {4},
	month = {November},
	year = {1992},
	issn = {0734-2071},
	pages = {338--359},
	numpages = {22},
	acmid = {138876},
	publisher = {ACM},
	address = {New York, NY, USA},
}

@inproceedings{paper:Bahadur1998,
	author = {Bahadur, Satyendra and Kalyanakrishnan, Viswanathan and Westall, James},
	title = {{An empirical study of the effects of careful page placement in Linux}},
	booktitle = {{ACM 36th Southeast Conference}},
	year = {1998},
}

@inproceedings{paper:Hocko2010,
	author = {Hocko, Michal and Kalibera, Tomas},
	title = {{Reducing performance non-determinism via cache-aware page allocation strategies}},
	booktitle = {Proceedings of WOSP/SIPEW 2010},
	isbn = {978-1-60558-563-5},
	location = {San Jose, California, USA},
	pages = {223--234},
	numpages = {12},
	acmid = {1712640},
	keywords = {performance non-determinism, regression benchmarking, software performance,
statistical methods},
}

@inproceedings{Perarnau:2011:CCU:1995896.1995942,
	author = {Perarnau, Swann and Tchiboukdjian, Marc and Huard, Guillaume},
	title = {Controlling cache utilization of HPC applications},
	booktitle = {Proceedings of the international conference on Supercomputing},
	series = {ICS '11},
	year = {2011},
	isbn = {978-1-4503-0102-2},
	location = {Tucson, Arizona, USA},
	pages = {295--304},
	numpages = {10},
	url = {http://doi.acm.org/10.1145/1995896.1995942},
	doi = {10.1145/1995896.1995942},
	acmid = {1995942},
	publisher = {ACM},
	address = {New York, NY, USA},
	keywords = {cache partitionning, page coloring, working set},
} 

@article{Afek:2011:CIM:2076022.1993486,
	author = {Afek, Yehuda and Dice, Dave and Morrison, Adam},
	title = {Cache index-aware memory allocation},
	journal = {SIGPLAN Not.},
	issue_date = {November 2011},
	volume = {46},
	number = {11},
	month = jun,
	year = {2011},
	issn = {0362-1340},
	pages = {55--64},
	numpages = {10},
	url = {http://doi.acm.org/10.1145/2076022.1993486},
	doi = {10.1145/2076022.1993486},
	acmid = {1993486},
	publisher = {ACM},
	address = {New York, NY, USA},
	keywords = {caches, conflict misses, dynamic storage allocators, malloc, memory allocation, placement policies, shared caches},
} 

@article{Agarwal:1989:ACM:63404.63407,
	author = {Agarwal, A. and Hennessy, J. and Horowitz, M.},
	title = {An analytical cache model},
	journal = {ACM Trans. Comput. Syst.},
	issue_date = {May 1989},
	volume = {7},
	number = {2},
	month = may,
	year = {1989},
	issn = {0734-2071},
	pages = {184--215},
	numpages = {32},
	url = {http://doi.acm.org/10.1145/63404.63407},
	doi = {10.1145/63404.63407},
	acmid = {63407},
	publisher = {ACM},
	address = {New York, NY, USA},
} 

@article{Lam:1991:CPO:106973.106981,
	author = {Lam, Monica D. and Rothberg, Edward E. and Wolf, Michael E.},
	title = {The cache performance and optimizations of blocked algorithms},
	journal = {SIGPLAN Not.},
	issue_date = {Apr. 1991},
	volume = {26},
	number = {4},
	month = apr,
	year = {1991},
	issn = {0362-1340},
	pages = {63--74},
	numpages = {12},
	url = {http://doi.acm.org/10.1145/106973.106981},
	doi = {10.1145/106973.106981},
	acmid = {106981},
	publisher = {ACM},
	address = {New York, NY, USA},
} 

@book{book:solarisInternals2nd,
	author = {Mauro, Jim and McDougall, Richard},
	title = {Solaris Internals (2nd Edition)},
	year = {2006},
	isbn = {0131482092},
	publisher = {Prentice Hall PTR},
	address = {Upper Saddle River, NJ, USA},
}

@inproceedings{paper:Navarro2002-THP,
	author = {Navarro, Juan and Iyer, Sitaram and Druschel, Peter and Cox, Alan},
	title = {Practical, transparent operating system support for superpages},
	booktitle = {Proceedings of the 5th symposium on Operating systems design and implementation
	Copyright restrictions prevent ACM from being able to make the PDFs for this conference available for downloading
	},
	series = {OSDI '02},
	year = {2002},
	isbn = {978-1-4503-0111-4},
	location = {Boston, Massachusetts},
	pages = {89--104},
	numpages = {16},
	url = {http://doi.acm.org/10.1145/1060289.1060299},
	doi = {http://doi.acm.org/10.1145/1060289.1060299},
	acmid = {1060299},
	publisher = {ACM},
	address = {New York, NY, USA},
}

@article{Bugnion:1996:CPC:248208.237195,
	author = {Bugnion, Edouard and Anderson, Jennifer M. and Mowry, Todd C. and Rosenblum, Mendel and Lam, Monica S.},
	title = {Compiler-directed page coloring for multiprocessors},
	journal = {SIGOPS Oper. Syst. Rev.},
	issue_date = {Dec. 1996},
	volume = {30},
	number = {5},
	month = sep,
	year = {1996},
	issn = {0163-5980},
	pages = {244--255},
	numpages = {12},
	url = {http://doi.acm.org/10.1145/248208.237195},
	doi = {10.1145/248208.237195},
	acmid = {237195},
	publisher = {ACM},
	address = {New York, NY, USA},
} 

@inproceedings{Sherwood:1999:RCM:305138.305189,
	author = {Sherwood, Timothy and Calder, Brad and Emer, Joel},
	title = {Reducing cache misses using hardware and software page placement},
	booktitle = {Proceedings of the 13th international conference on Supercomputing},
	series = {ICS '99},
	year = {1999},
	isbn = {1-58113-164-X},
	location = {Rhodes, Greece},
	pages = {155--164},
	numpages = {10},
	url = {http://doi.acm.org/10.1145/305138.305189},
	doi = {10.1145/305138.305189},
	acmid = {305189},
	publisher = {ACM},
	address = {New York, NY, USA},
} 

@INPROCEEDINGS{Romer94dynamicpage,
	author = {Theodore Romer and Dennis Lee and Brian N. Bershad and J. Bradley Chen},
	title = {Dynamic Page Mapping Policies for Cache Conflict Resolution on Standard Hardware},
	booktitle = {In 1st USENIX Symposium on Operating Systems Design and Implementation (OSDI},
	year = {1994},
	pages = {255--266}
}

@article{Bershad:1994:ACM:195470.195527,
	author = {Bershad, Brian N. and Lee, Dennis and Romer, Theodore H. and Chen, J. Bradley},
	title = {Avoiding conflict misses dynamically in large direct-mapped caches},
	journal = {SIGPLAN Not.},
	issue_date = {Nov. 1994},
	volume = {29},
	number = {11},
	month = nov,
	year = {1994},
	issn = {0362-1340},
	pages = {158--170},
	numpages = {13},
	url = {http://doi.acm.org/10.1145/195470.195527},
	doi = {10.1145/195470.195527},
	acmid = {195527},
	publisher = {ACM},
	address = {New York, NY, USA},
}

@inproceedings{Gorman:2010:PCE:2185870.2185899,
	author = {Gorman, Mel and Healy, Patrick},
	title = {Performance characteristics of explicit superpage support},
	booktitle = {Proceedings of the 2010 international conference on Computer Architecture},
	series = {ISCA'10},
	year = {2012},
	isbn = {978-3-642-24321-9},
	location = {Saint-Malo, France},
	pages = {293--310},
	numpages = {18},
	url = {http://dx.doi.org/10.1007/978-3-642-24322-6_24},
	doi = {10.1007/978-3-642-24322-6_24},
	acmid = {2185899},
	publisher = {Springer-Verlag},
	address = {Berlin, Heidelberg},
}

@MISC{Wienand_transparentlarge-page,
	author = {Ian Wienand},
	title = {Transparent Large-Page Support for Itanium Linux},
	year = {2008}
}

@MISC{Chapman03itaniumpage,
	author = {Matthew Chapman and Ian Wienand and Gernot Heiser and New South Wales},
	title = {Itanium Page Tables and TLB},
	year = {2003}
}

@article{paper:Yoshii2011-BigMemory,
	author = {Yoshii, Kazutomo and Iskra, Kamil and Naik, Harish and Beckman, Pete and Broekema, P. Chris},
	title = {Performance and Scalability Evaluation of 'Big Memory' on Blue Gene Linux},
	journal = {Int. J. High Perform. Comput. Appl.},
	issue_date = {May       2011},
	volume = {25},
	issue = {2},
	month = {May},
	year = {2011},
	issn = {1094-3420},
	pages = {148--160},
	numpages = {13},
	url = {http://dx.doi.org/10.1177/1094342010369116},
	doi = {http://dx.doi.org/10.1177/1094342010369116},
	acmid = {1978751},
	publisher = {Sage Publications, Inc.},
	address = {Thousand Oaks, CA, USA},
	keywords = {Blue Gene, Linux, OS kernel, TLB, memory performance},
}

@inproceedings{Zhang:2009:EEH:1606756.1607621,
	author = {Zhang, Panyong and Li, Bo and Huo, Zhigang and Meng, Dan},
	title = {Evaluating the Effect of Huge Page on Large Scale Applications},
	booktitle = {Proceedings of the 2009 IEEE International Conference on Networking, Architecture, and Storage},
	series = {NAS '09},
	year = {2009},
	isbn = {978-0-7695-3741-2},
	pages = {74--81},
	numpages = {8},
	url = {http://dx.doi.org/10.1109/NAS.2009.18},
	doi = {10.1109/NAS.2009.18},
	acmid = {1607621},
	publisher = {IEEE Computer Society},
	address = {Washington, DC, USA},
	keywords = {HPC, communication, huge page},
} 

@article{Talluri:1994:STP:381792.195531,
	author = {Talluri, Madhusudhan and Hill, Mark D.},
	title = {Surpassing the TLB performance of superpages with less operating system support},
	journal = {SIGOPS Oper. Syst. Rev.},
	issue_date = {Dec. 1994},
	volume = {28},
	number = {5},
	month = nov,
	year = {1994},
	issn = {0163-5980},
	pages = {171--182},
	numpages = {12},
	url = {http://doi.acm.org/10.1145/381792.195531},
	doi = {10.1145/381792.195531},
	acmid = {195531},
	publisher = {ACM},
	address = {New York, NY, USA},
} 

@TECHREPORT{Bailey91thenas,
	author = {D. H. Bailey and E. Barszcz and J. T. Barton and D. S. Browning and R. L. Carter and R. A. Fatoohi and P. O. Frederickson and T. A. Lasinski and H. D. Simon and V. Venkatakrishnan and S. K. Weeratunga},
	title = {The nas parallel benchmarks},
	year = {1991}
}

@TECHREPORT{Jin99theopenmp,
	author = {H. Jin and H. Jin and M. Frumkin and M. Frumkin and J. Yan and J. Yan},
	title = {The OpenMP Implementation of NAS Parallel Benchmarks and its Performance},
	year = {1999}
}

@article{Duboc2010105,
	title = "High-order dimensionally split Lagrange-remap schemes for compressible hydrodynamics",
	journal = "Comptes Rendus Mathematique ",
	volume = "348",
	number = "1‚Äì2",
	pages = "105 - 110",
	year = "2010",
	note = "",
	issn = "1631-073X",
	doi = "10.1016/j.crma.2009.12.008",
	url = "http://www.sciencedirect.com/science/article/pii/S1631073X09004117",
	author = "Fr√©d√©ric Duboc and C√©dric Enaux and St√©phane Jaouen and Herv√© Jourdren and Marc Wolff"
}

@inproceedings{Broquedis:2010:HGF:1799536.1800411,
	author = {Broquedis, Francois and Clet-Ortega, J{\'e}r\^{o}me and Moreaud, St{\'e}phanie and Furmento, Nathalie and Goglin, Brice and Mercier, Guillaume and Thibault, Samuel and Namyst, Raymond},
	title = {hwloc: A Generic Framework for Managing Hardware Affinities in HPC Applications},
	booktitle = {Proceedings of the 2010 18th Euromicro Conference on Parallel, Distributed and Network-based Processing},
	series = {PDP '10},
	year = {2010},
	isbn = {978-0-7695-3939-3},
	pages = {180--186},
	numpages = {7},
	url = {http://dx.doi.org/10.1109/PDP.2010.67},
	doi = {10.1109/PDP.2010.67},
	acmid = {1800411},
	publisher = {IEEE Computer Society},
	address = {Washington, DC, USA},
	keywords = {Hardware Topology Affinities Placement MPI OpenMP},
} 

@inproceedings{paper:Lemuet2004,
	author = {C. Lemuet, W. Jalby and S. Touati},
	title = {{Improving Load/Store Queues Usage in Scientific Computing}},
	booktitle = {Proceedings ICPP 2004},
	location = {Montreal, Canada},
}

@report{CUDAMatrixTransp,
	author = {G. Ruetsch and P. Micikevicius.},
	title = {Optimizing matrix transpose in cuda},
	year = {2009}
}

%TODO check this
@misc{misc:jemalloc,
	author = {Jason Evans},
	title = {A Scalable Concurrent malloc(3) Implementation for FreeBSD},
	year = {2006},
}

@misc{misc:jemalloc-internals,
	author = {Jason Evans},
	title = {A Scalable Concurrent malloc(3) Implementation for FreeBSD},
	year = {2006},
	url = {http://www.facebook.com/notes/facebook-engineering/scalable-memory-allocation-using-jemalloc/480222803919}
}

@inproceedings{Mytkowicz:2009:PWD:1508244.1508275,
	author = {Mytkowicz, Todd and Diwan, Amer and Hauswirth, Matthias and Sweeney, Peter F.},
	title = {Producing wrong data without doing anything obviously wrong!},
	series = {ASPLOS},
	year = {2009},
	isbn = {978-1-60558-406-5},
	location = {Washington, DC, USA},
	numpages = {12},
	url = {http://doi.acm.org/10.1145/1508244.1508275},
	doi = {http://doi.acm.org/10.1145/1508244.1508275},
	acmid = {1508275},
	keywords = {bias, measurement, performance},
} 

@book{book:linuxVMM,
	author = {Gorman, Mel},
	title = {Understanding the Linux Virtual Memory Manager},
	year = {2004},
	isbn = {0131453483},
	publisher = {Prentice Hall PTR},
	address = {Upper Saddle River, NJ, USA},
}

@INPROCEEDINGS{Awasthi09dynamichardware-assisted,
	author={Awasthi, M. and Sudan, K. and Balasubramonian, R. and Carter, J.},
	booktitle={HPCA},
	title={Dynamic hardware-assisted software-controlled page placement to manage capacity allocation and sharing within large caches},
	year={2009},
	volume={},
	number={},
	keywords={OS-based page coloring;capacity allocation;capacity sharing;complex data search
mechanism;dynamic hardware-assisted software-controlled page placement;large L2 cache;large L3
cache;multithreading;nonuniform cache architecture;shadow address space;storage management;cache
storage;multi-threading;operating systems (computers);paged storage;storage allocation;},
	doi={10.1109/HPCA.2009.4798260},
	ISSN={1530-0897},
}

@inproceedings{Kandemir:2011:MCP:2033345.2033360,
 author = {Kandemir, Mahmut and Prabhakar, Ramya and Karakoy, Mustafa and Zhang, Yuanrui},
 title = {Multilayer cache partitioning for multiprogram workloads},
 series = {Euro-Par'11},
 year = {2011},
 isbn = {978-3-642-23399-9},
 location = {Bordeaux, France},
 numpages = {12},
 url = {http://dl.acm.org/citation.cfm?id=2033345.2033360},
 acmid = {2033360},
} 

%%%%%%%%%%%%%%%%%%%%%%%%%%%%%%%%%%%%%%%%%% ALLOC %%%%%%%%%%%%%%%%%%%%%%%%%%%%%%%%%%%%%%%%%%%%%

@inproceedings{paper:Wilson-allocSurvey,
	author = {Wilson, Paul R. and Johnstone, Mark S. and Neely, Michael and Boles, David},
	title = {Dynamic Storage Allocation: A Survey and Critical Review},
	booktitle = {Proceedings of the International Workshop on Memory Management},
	series = {IWMM '95},
	year = {1995},
	isbn = {3-540-60368-9},
	pages = {1--116},
	numpages = {116},
	url = {http://dl.acm.org/citation.cfm?id=645647.664690},
	acmid = {664690},
	publisher = {Springer-Verlag},
	address = {London, UK},
}

@misc{misc:Tcmalloc,
	author = {Sanjay Ghemawat, Paul Menage},
	title = {TCMalloc : Thread-Caching Malloc,\\ \url{http://goog-perftools.sourceforge.net/}}
}

@misc{misc:dlmalloc,
	title = {A Memory Allocator},
	author = {Doug Lea},
	url = {http://g.oswego.edu/dl/html/malloc.html}
}

@misc{misc:ptmalloc,
	author = {Wolffram Gloger},
	title = {PTMalloc : \url{http://www.malloc.de/en/}}
}

@article{paper:Berger2000-HOARD,
	author = {Berger, Emery D. and McKinley, Kathryn S. and Blumofe, Robert D. and Wilson, Paul R.},
	title = {Hoard: a scalable memory allocator for multithreaded applications},
	journal = {SIGPLAN Not.},
	volume = {35},
	issue = {11},
	month = {November},
	year = {2000},
	issn = {0362-1340},
	pages = {117--128},
	numpages = {12},
	url = {http://doi.acm.org/10.1145/356989.357000},
	doi = {http://doi.acm.org/10.1145/356989.357000},
	acmid = {357000},
	publisher = {ACM},
	address = {New York, NY, USA},
}

@inproceedings{paper:MAMA,
	author = {Kahan, Simon and Konecny, Petr},
	title = {"MAMA!": a memory allocator for multithreaded architectures},
	booktitle = {Proceedings of the eleventh ACM SIGPLAN symposium on Principles and practice of parallel programming},
	series = {PPoPP '06},
	year = {2006},
	%isbn = {1-59593-189-9},
	location = {New York, New York, USA},
	%pages = {178--186},
	numpages = {9},
	%url = {http://doi.acm.org/10.1145/1122971.1122999},
	%doi = {10.1145/1122971.1122999},
	acmid = {1122999},
	publisher = {ACM},
	%address = {New York, NY, USA},
	keywords = {Eldorado, MTA, combining, malloc, multithreading, parallel memory allocation},
}

@misc{misc:lockless,
	title = {Scalable Memory Allocation},
	author = {Rahul Manghwani and Tao He},
	url = {http://cs.nyu.edu/~lerner/spring12/Preso05-MemAlloc.pdf}
}

@phdthesis{Berger:2002:MMH:997313,
	author = {Berger, Emery David},
	title = {Memory management for high-performance applications},
	year = {2002},
	note = {AAI3108460},
	publisher = {The University of Texas at Austin},
} 

@inproceedings{Bonwick:2001:MVE:647055.715906,
	author = {Bonwick, Jeff and Adams, Jonathan},
	title = {Magazines and Vmem: Extending the Slab Allocator to Many CPUs and Arbitrary Resources},
	booktitle = {Proceedings of the General Track: 2002 USENIX Annual Technical Conference},
	year = {2001},
	isbn = {1-880446-09-X},
	pages = {15--33},
	numpages = {19},
	url = {http://dl.acm.org/citation.cfm?id=647055.715906},
	acmid = {715906},
	publisher = {USENIX Association},
	address = {Berkeley, CA, USA},
}

@misc{misc:tcmalloc-amd-numa,
	title = {NUMA aware heap memory manager (AMD)},
	author = {Patryk Kaminski},
	%url = "http://developer.amd.com/wordpress/media/2012/10/NUMA_aware_heap_memory_manager_article_final.pdf"
}

@misc{OpenPA,
	title={OpenPA : Open Portable Atomics},
	authors={Argonne National Laboratory Group},
	url={http://trac.mcs.anl.gov/projects/openpa/}
}

@inproceedings{buntinas:hal-00344350,
	hal_id = {hal-00344350},
	url = {http://hal.archives-ouvertes.fr/hal-00344350},
	title = {{Design and Evaluation of Nemesis: a Scalable, Low-Latency, Message-Passing Communication Subsystem}},
	author = {Buntinas, Darius and Mercier, Guillaume and Gropp, William},
	abstract = {{This paper presents a new low-level communication subsystem called Nemesis. Nemesis has been designed and implemented to be scalable and efficient both in the intranode communication context using shared-memory and in the internode communication case using high-performance networks and is natively multimethod-enabled. Nemesis has been integrated in MPICH2 as a CH3 channel and delivers better performance than other dedicated communication channels in MPICH2. Furthermore, the resulting MPICH2 architecture outperforms other MPI implementations in point-to-point benchmarks.}},
	keywords = {MPI ; parallel programming},
	language = {Anglais},
	affiliation = {Mathematics and Computer Science Division [ANL] - MCS},
	booktitle = {{Proceedings of the Sixth IEEE International Symposium on Cluster Computing and the Grid}},
	pages = {521-530},
	address = {Singapour, Singapour},
	audience = {internationale },
	doi = {10.1109/CCGRID.2006.31 },
	year = {2006},
	pdf = {http://hal.archives-ouvertes.fr/hal-00344350/PDF/article\_ccgrid06.pdf},
}

@techreport{Kleen05,
	author = {Kleen, Andi},
	citeulike-article-id = {2734253},
	citeulike-linkout-0 = {\#},
	citeulike-linkout-1 = {http://whitepapers.zdnet.co.uk/0,1000000651,260150330p,00.htm},
	keywords = {numa},
	month = apr,
	posted-at = {2008-04-29 14:44:09},
	priority = {0},
	publisher = {Novell},
	title = {{A NUMA API for LINUX}},
	url = {http://whitepapers.zdnet.co.uk/0,1000000651,260150330p,00.htm},
	year = {2005}
}

@book{2003test,
	title={Test Driven Development: By Example},
	isbn={9788131715956},
	url={http://books.google.fr/books?id=Pq3\_i9bykA0C},
	year={2003},
	publisher={Pearson Education}
}

@inproceedings{Treibig:2010:LLP:1904933.1905129,
	author = {Treibig, Jan and Hager, Georg and Wellein, Gerhard},
	title = {LIKWID: A Lightweight Performance-Oriented Tool Suite for x86 Multicore Environments},
	booktitle = {Proceedings of the 2010 39th International Conference on Parallel Processing Workshops},
	series = {ICPPW '10},
	year = {2010},
	isbn = {978-0-7695-4157-0},
	pages = {207--216},
	numpages = {10},
	url = {http://dx.doi.org/10.1109/ICPPW.2010.38},
	doi = {10.1109/ICPPW.2010.38},
	acmid = {1905129},
	publisher = {IEEE Computer Society},
	address = {Washington, DC, USA},
} 

@misc{misc:sysbench,
	title = {SysBench: a system performance benchmark},
	author = {Alexey Kopytov},
	url = {http://sysbench.sourceforge.net/}
}

@inproceedings{Dice:2002:MLM:512429.512451,
	author = {Dice, Dave and Garthwaite, Alex},
	title = {Mostly lock-free malloc},
	booktitle = {Proceedings of the 3rd international symposium on Memory management},
	series = {ISMM '02},
	year = {2002},
	isbn = {1-58113-539-4},
	location = {Berlin, Germany},
	pages = {163--174},
	numpages = {12},
	url = {http://doi.acm.org/10.1145/512429.512451},
	doi = {10.1145/512429.512451},
	acmid = {512451},
	publisher = {ACM},
	address = {New York, NY, USA},
	keywords = {affinity, locality, lock-free operations, malloc, restartable critical sections},
} 

%%%%%%%%%%%%%%%%%%%%%%%%%%%%%%%%%%%%% ZERO PAGE  %%%%%%%%%%%%%%%%%%%%%%%%%%%%%%%%%%%%%%%%%%%%

@misc{misc:hydrobench,
	title = {Hydrobench, https://github.com/HydroBench},
	author = {Guillaume Colin de Verdi√®re},
	url = {https://github.com/HydroBench}
}

@inproceedings{paper:KTau2007,
	author = {Nataraj, Aroon and Morris, Alan and Malony, Allen D. and Sottile, Matthew and Beckman,
Pete},
	title = {{The ghost in the machine: observing the effects of kernel operation on parallel
application performance}},
	booktitle = {Proceedings of the 2007 ACM/IEEE conference on Supercomputing},
	series = {SC '07},
	year = {2007},
	isbn = {978-1-59593-764-3},
	location = {Reno, Nevada},
	pages = {29:1--29:12},
	articleno = {29},
	numpages = {12},
	url = {http://doi.acm.org/10.1145/1362622.1362662},
	doi = {http://doi.acm.org/10.1145/1362622.1362662},
	acmid = {1362662},
	publisher = {ACM},
	address = {New York, NY, USA},
}

%%%%%%%%%%%%%%%%%%%%%%%%%%%%%%%%%%%%%%%% KSM %%%%%%%%%%%%%%%%%%%%%%%%%%%%%%%%%%%%%%%%%%%%%%%%%

%%%%%%%%%%%%%%%%%%%%%%%%%%%%%%%%%%%%%%% CONCLUSION %%%%%%%%%%%%%%%%%%%%%%%%%%%%%%%%%%%%%%%%%%%

@inproceedings{paper:plpc,
	author = {Valat S√©bastien, P√©rache Marc and Jalby William},
	title = {Introducing Kernel-Level Page Reuse for High Performance Computing},
	series = {MSPC '13},
	year = {2013},
}

%%%%%%%%%%%%%%%%%%%%%%%%%%%%%%%%%%%%%%%%%%%%%%%%%%%%%%%%%%%%%%%%%%%%%%%%%%%%%%%%%%%%%%%%%%%%%%

@inproceedings{Zahran:2010:GMC:1787275.1787315,
 author = {Zahran, Mohamed and McKee, Sally A.},
 title = {Global management of cache hierarchies},
 booktitle = {Proceedings of the 7th ACM international conference on Computing frontiers},
 series = {CF '10},
 year = {2010},
 isbn = {978-1-4503-0044-5},
 location = {Bertinoro, Italy},
 pages = {131--140},
 numpages = {10},
 url = {http://doi.acm.org/10.1145/1787275.1787315},
 doi = {http://doi.acm.org/10.1145/1787275.1787315},
 acmid = {1787315},
 publisher = {ACM},
 address = {New York, NY, USA},
 keywords = {cache memory, memory hierarchy},
}

@inproceedings{Zhao:2010:EMS:1806651.1806667,
 author = {Zhao, Qin and Bruening, Derek and Amarasinghe, Saman},
 title = {Efficient memory shadowing for 64-bit architectures},
 booktitle = {Proceedings of the 2010 international symposium on Memory management},
 series = {ISMM '10},
 year = {2010},
 isbn = {978-1-4503-0054-4},
 location = {Toronto, Ontario, Canada},
 pages = {93--102},
 numpages = {10},
 url = {http://doi.acm.org/10.1145/1806651.1806667},
 doi = {http://doi.acm.org/10.1145/1806651.1806667},
 acmid = {1806667},
 publisher = {ACM},
 address = {New York, NY, USA},
 keywords = {dynamic optimization, shadow memory},
}

@inproceedings{Boyd-Wickizer:2010:ALS:1924943.1924944,
 author = {Boyd-Wickizer, Silas and Clements, Austin T. and Mao, Yandong and Pesterev, Aleksey and Kaashoek, M. Frans and Morris, Robert and Zeldovich, Nickolai},
 title = {An analysis of Linux scalability to many cores},
 booktitle = {Proceedings of the 9th USENIX conference on Operating systems design and implementation},
 series = {OSDI'10},
 year = {2010},
 location = {Vancouver, BC, Canada},
 pages = {1--8},
 numpages = {8},
 url = {http://portal.acm.org/citation.cfm?id=1924943.1924944},
 acmid = {1924944},
 publisher = {USENIX Association},
 address = {Berkeley, CA, USA},
}

@book{book:WinInternals,
 author = {Russinovich, Mark and Solomon, David A.},
 title = {Windows Internals: Including Windows Server 2008 and Windows Vista, Fifth Edition},
 year = {2009},
 %isbn = {0735625301, 9780735625303},
 edition = {5th},
 publisher = {Microsoft Press},
}

@inproceedings{paper:Streamflow,
 author = {Michael, Maged M.},
 title = {Scalable lock-free dynamic memory allocation},
 booktitle = {Proceedings of the ACM SIGPLAN 2004 conference on Programming language design and implementation},
 series = {PLDI '04},
 year = {2004},
 %isbn = {1-58113-807-5},
 location = {Washington DC, USA},
 %pages = {35--46},
 numpages = {12},
 %doi = {10.1145/996841.996848},
 acmid = {996848},
 publisher = {ACM},
 %address = {New York, NY, USA},
 keywords = {async-signal-safe, availability, lock-free, malloc},
 %url = {http://doi.acm.org/10.1145/996841.996848},
} 

@inproceedings{paper:adr-rcu,
	author = {Clements, Austin T. and Kaashoek, M. Frans and Zeldovich, Nickolai},
	title = {Scalable address spaces using RCU balanced trees},
	series = {ASPLOS XVII (2012)},
	%isbn = {978-1-4503-0759-8},
	year = {2012},
	location = {London, England, UK},
	%pages = {199--210},
	numpages = {12},
	%doi = {10.1145/2150976.2150998},
	acmid = {2150998},
	publisher = {ACM},
	%address = {New York, NY, USA},
	keywords = {RCU, concurrent balanced trees, lock-free algorithms, multicore, scalability, virtual memory},
	%url = {http://doi.acm.org/10.1145/2150976.2150998},
	%booktitle = {Proceedings of the seventeenth international conference on Architectural Support for Programming Languages and Operating Systems},
} 

@inproceedings{paper:per-numa-pt,
	author = {Lankes, Stefan and Bemmerl, Thomas and Roehl, Thomas and Terboven, Christian},
	title = {Node-based memory management for scalable NUMA architectures},
	booktitle = {Proceedings of the 2nd International Workshop on Runtime and Operating Systems for Supercomputers},
	series = {ROSS '12},
	year = {2012},
	%isbn = {978-1-4503-1460-2},
	location = {Venice, Italy},
	%pages = {10:1--10:8},
	articleno = {10},
	numpages = {8},
	doi = {10.1145/2318916.2318929},
	acmid = {2318929},
	publisher = {ACM},
	%address = {New York, NY, USA},
	keywords = {memory management, non-uniform memory access (NUMA), page placement, page replication},
	%url = {http://doi.acm.org/10.1145/2318916.2318929},
} 

@article{papar:exascale,
 author = {Dongarra, Jack and Beckman, Pete and al.},
 title = {The International Exascale Software Project roadmap},
 journal = {Int. J. High Perform. Comput. Appl.},
 issue_date = {February  2011},
 volume = {25},
 number = {1},
 %month = feb,
 year = {2011},
 %issn = {1094-3420},
 %pages = {3--60},
 numpages = {58},
 %url = {http://dx.doi.org/10.1177/1094342010391989},
 doi = {10.1177/1094342010391989},
 acmid = {1943339},
 publisher = {Sage Publications, Inc.},
 %address = {Thousand Oaks, CA, USA},
 keywords = {exascale computing, high-performance computing, software stack},
} 

@article{Exascale:osreport,
	title = {Exascale Operating Systems and Runtime Software Report},
	author = {Pete Beckman,Ron Brightwell,Bronis R. de Supinski,Maya Gokhale,Steven Hofmeyr,Sriram Krishnamoorthy,Mike Lang,Barney Maccabe,John Shalf,Marc Snir},
	year = {2012}
}

@inproceedings{papar:exascale-2,
 author = {Pawlowski, Stephen S.},
 title = {Exascale science: the next frontier in high performance computing},
 booktitle = {Proceedings of the 24th ACM International Conference on Supercomputing},
 series = {ICS '10},
 year = {2010},
 %isbn = {978-1-4503-0018-6},
 location = {Tsukuba, Ibaraki, Japan},
 %pages = {1--1},
 numpages = {1},
 %url = {http://doi.acm.org/10.1145/1810085.1810087},
 %doi = {10.1145/1810085.1810087},
 acmid = {1810087},
 publisher = {ACM},
 %address = {New York, NY, USA},
 keywords = {exascale systems, memory and storage bandwidth, millions of cores, power consumption, software scalability, system resiliency},
}

@Misc{misc:THP,
	title      = 	 {{Transparent Hugepage Support, KVM Forum}},
	author = {Andrea Arcangeli},
	year = {2010},
	booktitle = {{KVM Forum}},
	url = {\url{http://www.linux-kvm.org/page/Kvm\_Forum\_2010}},
}

@inproceedings{paper:Gay1998-MME,
 author = {Gay, David and Aiken, Alex},
 title = {Memory management with explicit regions},
 booktitle = {Proceedings of the ACM SIGPLAN 1998 conference on Programming language design and implementation},
 series = {PLDI '98},
 year = {1998},
 isbn = {0-89791-987-4},
 location = {Montreal, Quebec, Canada},
 pages = {313--323},
 numpages = {11},
 url = {http://doi.acm.org/10.1145/277650.277748},
 doi = {http://doi.acm.org/10.1145/277650.277748},
 acmid = {277748},
 publisher = {ACM},
 address = {New York, NY, USA},
}

@inproceedings{Biswas:2009:PCB:1621960.1621968,
 author = {Biswas, Susmit and Franklin, Diana and Sherwood, Timothy and Chong, Frederic T. and de Supinski, Bronis R. and Schulz, Martin},
 title = {PSMalloc: content based memory management for MPI applications},
 booktitle = {Proceedings of the 10th workshop on MEmory performance: DEaling with Applications, systems and architecture},
 series = {MEDEA '09},
 year = {2009},
 isbn = {978-1-60558-830-8},
 location = {Raleigh, North Carolina},
 pages = {43--48},
 numpages = {6},
 url = {http://doi.acm.org/10.1145/1621960.1621968},
 doi = {http://doi.acm.org/10.1145/1621960.1621968},
 acmid = {1621968},
 publisher = {ACM},
 address = {New York, NY, USA},
}

@inproceedings{Boyd-Wickizer:2010:ALS:1924943.1924944,
 author = {Boyd-Wickizer, Silas and Clements, Austin T. and Mao, Yandong and Pesterev, Aleksey and Kaashoek, M. Frans and Morris, Robert and Zeldovich, Nickolai},
 title = {An analysis of Linux scalability to many cores},
 booktitle = {Proceedings of the 9th USENIX conference on Operating systems design and implementation},
 series = {OSDI'10},
 year = {2010},
 location = {Vancouver, BC, Canada},
 pages = {1--8},
 numpages = {8},
 url = {http://portal.acm.org/citation.cfm?id=1924943.1924944},
 acmid = {1924944},
 publisher = {USENIX Association},
 address = {Berkeley, CA, USA},
}

@inproceedings{Zahran:2010:GMC:1787275.1787315,
 author = {Zahran, Mohamed and McKee, Sally A.},
 title = {Global management of cache hierarchies},
 booktitle = {Proceedings of the 7th ACM international conference on Computing frontiers},
 series = {CF '10},
 year = {2010},
 isbn = {978-1-4503-0044-5},
 location = {Bertinoro, Italy},
 pages = {131--140},
 numpages = {10},
 url = {http://doi.acm.org/10.1145/1787275.1787315},
 doi = {http://doi.acm.org/10.1145/1787275.1787315},
 acmid = {1787315},
 publisher = {ACM},
 address = {New York, NY, USA},
 keywords = {cache memory, memory hierarchy},
}

@inproceedings{Zhao:2010:EMS:1806651.1806667,
 author = {Zhao, Qin and Bruening, Derek and Amarasinghe, Saman},
 title = {Efficient memory shadowing for 64-bit architectures},
 booktitle = {Proceedings of the 2010 international symposium on Memory management},
 series = {ISMM '10},
 year = {2010},
 isbn = {978-1-4503-0054-4},
 location = {Toronto, Ontario, Canada},
 pages = {93--102},
 numpages = {10},
 url = {http://doi.acm.org/10.1145/1806651.1806667},
 doi = {http://doi.acm.org/10.1145/1806651.1806667},
 acmid = {1806667},
 publisher = {ACM},
 address = {New York, NY, USA},
 keywords = {dynamic optimization, shadow memory},
}

@inproceedings{Boyd-Wickizer:2010:ALS:1924943.1924944,
 author = {Boyd-Wickizer, Silas and Clements, Austin T. and Mao, Yandong and Pesterev, Aleksey and Kaashoek, M. Frans and Morris, Robert and Zeldovich, Nickolai},
 title = {An analysis of Linux scalability to many cores},
 booktitle = {Proceedings of the 9th USENIX conference on Operating systems design and implementation},
 series = {OSDI'10},
 year = {2010},
 location = {Vancouver, BC, Canada},
 pages = {1--8},
 numpages = {8},
 url = {http://portal.acm.org/citation.cfm?id=1924943.1924944},
 acmid = {1924944},
 publisher = {USENIX Association},
 address = {Berkeley, CA, USA},
}

@inproceedings{Gay:1998:MME:277650.277748,
 author = {Gay, David and Aiken, Alex},
 title = {Memory management with explicit regions},
 booktitle = {Proceedings of the ACM SIGPLAN 1998 conference on Programming language design and implementation},
 series = {PLDI '98},
 year = {1998},
 isbn = {0-89791-987-4},
 location = {Montreal, Quebec, Canada},
 pages = {313--323},
 numpages = {11},
 url = {http://doi.acm.org/10.1145/277650.277748},
 doi = {http://doi.acm.org/10.1145/277650.277748},
 acmid = {277748},
 publisher = {ACM},
 address = {New York, NY, USA},
}

@inproceedings{paper:Biswas2009-PSMalloc,
 author = {Biswas, Susmit and Franklin, Diana and Sherwood, Timothy and Chong, Frederic T. and de Supinski, Bronis R. and Schulz, Martin},
 title = {PSMalloc: content based memory management for MPI applications},
 booktitle = {Proceedings of the 10th workshop on MEmory performance: DEaling with Applications, systems and architecture},
 series = {MEDEA '09},
 year = {2009},
 isbn = {978-1-60558-830-8},
 location = {Raleigh, North Carolina},
 pages = {43--48},
 numpages = {6},
 url = {http://doi.acm.org/10.1145/1621960.1621968},
 doi = {http://doi.acm.org/10.1145/1621960.1621968},
 acmid = {1621968},
 publisher = {ACM},
 address = {New York, NY, USA},
}

@inproceedings{Boyd-Wickizer:2010:ALS:1924943.1924944,
 author = {Boyd-Wickizer, Silas and Clements, Austin T. and Mao, Yandong and Pesterev, Aleksey and Kaashoek, M. Frans and Morris, Robert and Zeldovich, Nickolai},
 title = {An analysis of Linux scalability to many cores},
 booktitle = {Proceedings of the 9th USENIX conference on Operating systems design and implementation},
 series = {OSDI'10},
 year = {2010},
 location = {Vancouver, BC, Canada},
 pages = {1--8},
 numpages = {8},
 url = {http://portal.acm.org/citation.cfm?id=1924943.1924944},
 acmid = {1924944},
 publisher = {USENIX Association},
 address = {Berkeley, CA, USA},
}

@article{paperTODO,
author = {Barbara M. Chapman and F. Bregier and Amit Patil and Achal Prabhakar},
title = {Achieving performance under OpenMP on ccNUMA and software distributed shared memory systems},
journal = {Concurrency and Computation: Practice and Experience},
volume = {14},
year = {2002},
pages = {713--739},
doi = {10.1002/cpe.646},
masid = {858303}
}

@inproceedings{arcangeli:ols09,
	title = {{Increasing memory density by using KSM}},
	author = {Arcangeli, Andrea and Eidus, Izik and Wright, Chris},
	booktitle = {OLS '09: Proceedings of the Linux Symposium},
	citeulike-article-id = {8063239},
	citeulike-linkout-0 = {http://www.kernel.org/doc/ols/2009/ols2009-pages-19-28.pdf},
	day = {13-17},
	keywords = {article, kvm, useful},
	location = {Ottawa, Ontario, Canada},
	month = jul,
	pages = {19--28},
	posted-at = {2010-10-21 14:47:47},
	priority = {2},
	url = {http://www.kernel.org/doc/ols/2009/ols2009-pages-19-28.pdf},
	year = {2009}
}

@article{paper:Grunwald1993-CustoMalloc,
 author = {Grunwald, Dirk and Zorn, Benjamin},
 title = {CustoMalloc: efficient synthesized memory allocators},
 journal = {Softw. Pract. Exper.},
 volume = {23},
 issue = {8},
 month = {August},
 year = {1993},
 issn = {0038-0644},
 pages = {851--869},
 numpages = {19},
 url = {http://portal.acm.org/citation.cfm?id=172670.172674},
 doi = {10.1002/spe.4380230804},
 acmid = {172674},
 publisher = {John Wiley \& Sons, Inc.},
 address = {New York, NY, USA},
}

@article{Li:1989:MCS:75104.75105,
 author = {Li, Kai and Hudak, Paul},
 title = {Memory coherence in shared virtual memory systems},
 journal = {ACM Trans. Comput. Syst.},
 volume = {7},
 issue = {4},
 month = {November},
 year = {1989},
 issn = {0734-2071},
 pages = {321--359},
 numpages = {39},
 url = {http://doi.acm.org/10.1145/75104.75105},
 doi = {http://doi.acm.org/10.1145/75104.75105},
 acmid = {75105},
 publisher = {ACM},
 address = {New York, NY, USA},
}

@ARTICLE{Smith82cachememories,
    author = {Alan Jay Smith},
    title = {Cache memories},
    journal = {ACM Computing Surveys},
    year = {1982},
    volume = {14},
    pages = {473--530}
}

@inproceedings{Chilimbi:1999:CSL:301618.301633,
 author = {Chilimbi, Trishul M. and Hill, Mark D. and Larus, James R.},
 title = {Cache-conscious structure layout},
 booktitle = {Proceedings of the ACM SIGPLAN 1999 conference on Programming language design and implementation},
 series = {PLDI '99},
 year = {1999},
 isbn = {1-58113-094-5},
 location = {Atlanta, Georgia, United States},
 pages = {1--12},
 numpages = {12},
 url = {http://doi.acm.org/10.1145/301618.301633},
 doi = {http://doi.acm.org/10.1145/301618.301633},
 acmid = {301633},
 publisher = {ACM},
 address = {New York, NY, USA},
 keywords = {cache-conscious allocation, cache-conscious data placement, cache-conscious reorganization, clustering, coloring},
}

@inproceedings{Lever:2000:MPM:1267724.1267780,
 author = {Lever, Chuck and Boreham, David},
 title = {malloc() performance in a multithreaded Linux environment},
 booktitle = {Proceedings of the annual conference on USENIX Annual Technical Conference},
 series = {ATEC '00},
 year = {2000},
 location = {San Diego, California},
 pages = {56--56},
 numpages = {1},
 url = {http://dl.acm.org/citation.cfm?id=1267724.1267780},
 acmid = {1267780},
 publisher = {USENIX Association},
 address = {Berkeley, CA, USA},
}

@inproceedings{Gay:1998:MME:277650.277748,
 author = {Gay, David and Aiken, Alex},
 title = {Memory management with explicit regions},
 booktitle = {Proceedings of the ACM SIGPLAN 1998 conference on Programming language design and implementation},
 series = {PLDI '98},
 year = {1998},
 isbn = {0-89791-987-4},
 location = {Montreal, Quebec, Canada},
 pages = {313--323},
 numpages = {11},
 url = {http://doi.acm.org/10.1145/277650.277748},
 doi = {http://doi.acm.org/10.1145/277650.277748},
 acmid = {277748},
 publisher = {ACM},
 address = {New York, NY, USA},
}

@inproceedings{Truong:1998:ICB:522344.825680,
 author = {Truong, D. N. and Bodin, F. and Seznec, A.},
 title = {Improving Cache Behavior of Dynamically Allocated Data Structures},
 booktitle = {Proceedings of the 1998 International Conference on Parallel Architectures and Compilation Techniques},
 series = {PACT '98},
 year = {1998},
 isbn = {0-8186-8591-3},
 pages = {322--},
 url = {http://dl.acm.org/citation.cfm?id=522344.825680},
 acmid = {825680},
 publisher = {IEEE Computer Society},
 address = {Washington, DC, USA},
}

@inproceedings{Wyckoff:2005:MRC:1169223.1169612,
 author = {Wyckoff, P. and Wu, J.},
 title = {Memory registration caching correctness},
 booktitle = {Proceedings of the Fifth IEEE International Symposium on Cluster Computing and the Grid (CCGrid'05) - Volume 2 - Volume 02},
 series = {CCGRID '05},
 year = {2005},
 isbn = {0-7803-9074-1},
 pages = {1008--1015},
 numpages = {8},
 url = {http://dl.acm.org/citation.cfm?id=1169223.1169612},
 acmid = {1169612},
 publisher = {IEEE Computer Society},
 address = {Washington, DC, USA},
}

@MISC{Vo96vmalloc:a,
    author = {Kiem-Phong Vo},
    title = {Vmalloc: A General and Efficient Memory Allocator},
    year = {1996}
}

@ARTICLE{Bradford95anempirical,
    author = {Jeffrey P. Bradford and Russell W. Quong},
    title = {An Empirical Study on How Program Layout Affects Cache Miss Rates},
    journal = {ACM SIGMETRICS Performance Evaluation Review},
    year = {1995},
    volume = {27}
}

@book{book:WindowsInternal5th,
 author = {Russinovich, Mark and Solomon, David A.},
 title = {Windows Internals: Including Windows Server 2008 and Windows Vista, Fifth Edition},
 year = {2009},
 isbn = {0735625301, 9780735625303},
 edition = {5th},
 publisher = {Microsoft Press},
}

@article{paper:Beckman2008,
 author = {Beckman, Pete and Iskra, Kamil and Yoshii, Kazutomo and Coghlan, Susan and Nataraj, Aroon},
 title = {Benchmarking the effects of operating system interference on extreme-scale parallel machines},
 journal = {Cluster Computing},
 volume = {11},
 issue = {1},
 month = {March},
 year = {2008},
 issn = {1386-7857},
 pages = {3--16},
 numpages = {14},
 url = {http://dl.acm.org/citation.cfm?id=1349620.1349636},
 doi = {10.1007/s10586-007-0047-2},
 acmid = {1349636},
 publisher = {Kluwer Academic Publishers},
 address = {Hingham, MA, USA},
 keywords = {Microbenchmark, Noise, Petascale, Synchronicity},
}

@article{paper:Risco-Martin2010,
 author = {Risco-Mart\'{\i}n, Jos\'{e} L. and Atienza, David and Manuel Colmenar, J. and Garnica, Oscar},
 title = {A parallel evolutionary algorithm to optimize dynamic memory managers in embedded systems},
 journal = {Parallel Comput.},
 volume = {36},
 issue = {10-11},
 month = {October},
 year = {2010},
 issn = {0167-8191},
 pages = {572--590},
 numpages = {19},
 url = {http://dx.doi.org/10.1016/j.parco.2010.07.001},
 doi = {http://dx.doi.org/10.1016/j.parco.2010.07.001},
 acmid = {1862635},
 publisher = {Elsevier Science Publishers B. V.},
 address = {Amsterdam, The Netherlands, The Netherlands},
 keywords = {Distributed simulation, Dynamic memory management, Embedded systems design, Evolutionary computation},
}

@inproceedings{paper:Nilsson1999,
 author = {Nilsson, Jim and Dahlgren, Fredrik},
 title = {Improving Performance of Load-Store Sequences for Transaction Processing Workloads on Multiprocessors},
 booktitle = {Proceedings of the 1999 International Conference on Parallel Processing},
 series = {ICPP '99},
 year = {1999},
 isbn = {0-7695-0350-0},
 pages = {246--},
 url = {http://dl.acm.org/citation.cfm?id=850940.852864},
 acmid = {852864},
 publisher = {IEEE Computer Society},
 address = {Washington, DC, USA},
 keywords = {computer architecture, performance evaluation, transaction processing, cache coherence protocols, multiprocessors, databases, load-store sequences, operating systems},
}

@inproceedings{paper:Berger2001-CHM,
 author = {Berger, Emery D. and Zorn, Benjamin G. and McKinley, Kathryn S.},
 title = {Composing high-performance memory allocators},
 booktitle = {Proceedings of the ACM SIGPLAN 2001 conference on Programming language design and implementation},
 series = {PLDI '01},
 year = {2001},
 isbn = {1-58113-414-2},
 location = {Snowbird, Utah, United States},
 pages = {114--124},
 numpages = {11},
 url = {http://doi.acm.org/10.1145/378795.378821},
 doi = {http://doi.acm.org/10.1145/378795.378821},
 acmid = {378821},
 publisher = {ACM},
 address = {New York, NY, USA},
}

@inproceedings{paper:Berger2002-RCM,
 author = {Berger, Emery D. and Zorn, Benjamin G. and McKinley, Kathryn S.},
 title = {Reconsidering custom memory allocation},
 booktitle = {Proceedings of the 17th ACM SIGPLAN conference on Object-oriented programming, systems, languages, and applications},
 series = {OOPSLA '02},
 year = {2002},
 isbn = {1-58113-471-1},
 location = {Seattle, Washington, USA},
 pages = {1--12},
 numpages = {12},
 url = {http://doi.acm.org/10.1145/582419.582421},
 doi = {http://doi.acm.org/10.1145/582419.582421},
 acmid = {582421},
 publisher = {ACM},
 address = {New York, NY, USA},
}

@inproceedings{paper:Yang2004-AHS,
 author = {Yang, Ting and Hertz, Matthew and Berger, Emery D. and Kaplan, Scott F. and Moss, J. Eliot B.},
 title = {Automatic heap sizing: taking real memory into account},
 booktitle = {Proceedings of the 4th international symposium on Memory management},
 series = {ISMM '04},
 year = {2004},
 isbn = {1-58113-945-4},
 location = {Vancouver, BC, Canada},
 pages = {61--72},
 numpages = {12},
 url = {http://doi.acm.org/10.1145/1029873.1029881},
 doi = {http://doi.acm.org/10.1145/1029873.1029881},
 acmid = {1029881},
 publisher = {ACM},
 address = {New York, NY, USA},
 keywords = {garbage collection, paging, virtual memory},
}

@inproceedings{paper:Biswas2011-EDS,
 author = {Biswas, Susmit and Supinski, Bronis R.  de and Schulz, Martin and Franklin, Diana and Sherwood, Timothy and Chong, Frederic T.},
 title = {Exploiting Data Similarity to Reduce Memory Footprints},
 booktitle = {Proceedings of the 2011 IEEE International Parallel \& Distributed Processing Symposium},
 series = {IPDPS '11},
 year = {2011},
 isbn = {978-0-7695-4385-7},
 pages = {152--163},
 numpages = {12},
 url = {http://dx.doi.org/10.1109/IPDPS.2011.24},
 doi = {http://dx.doi.org/10.1109/IPDPS.2011.24},
 acmid = {2059538},
 publisher = {IEEE Computer Society},
 address = {Washington, DC, USA},
}

@inproceedings{paper:Majo2011-MMNUMA,
 author = {Majo, Zoltan and Gross, Thomas R.},
 title = {Memory management in NUMA multicore systems: trapped between cache contention and interconnect overhead},
 booktitle = {Proceedings of the international symposium on Memory management},
 series = {ISMM '11},
 year = {2011},
 isbn = {978-1-4503-0263-0},
 location = {San Jose, California, USA},
 pages = {11--20},
 numpages = {10},
 url = {http://doi.acm.org/10.1145/1993478.1993481},
 doi = {http://doi.acm.org/10.1145/1993478.1993481},
 acmid = {1993481},
 publisher = {ACM},
 address = {New York, NY, USA},
 keywords = {memory allocation, multicore processors, numa, shared resource contention},
}

%Cray datasheet
%http://www.craysupercomputers.com/downloads.htm

%NOT USED AND READ
@article{Detert:1991:PAE:1746085.1746154,
 author = {Detert, Ulrich and Hofemann, Gerd},
 title = {Practical aspects and experiences: CRAY X-MP and Y-MP memory performance},
 journal = {Parallel Comput.},
 issue_date = {July, 1991},
 volume = {17},
 number = {4-5},
 month = jul,
 year = {1991},
 issn = {0167-8191},
 pages = {579--590},
 numpages = {12},
 url = {http://dx.doi.org/10.1016/S0167-8191(05)80158-9},
 doi = {10.1016/S0167-8191(05)80158-9},
 acmid = {1746154},
 publisher = {Elsevier Science Publishers B. V.},
 address = {Amsterdam, The Netherlands, The Netherlands},
 keywords = {Cray X-MP, Cray Y-MP, Shared memory multiprocessor, memory access, memory contention, performance analysis},
} 

@article{Abrossimov:1989:GVM:74851.74863,
 author = {Abrossimov, E. and Rozier, M. and Shapiro, M.},
 title = {Generic virtual memory management for operating system kernels},
 journal = {SIGOPS Oper. Syst. Rev.},
 issue_date = {Dec. 3\&\#8211;6, 1989},
 volume = {23},
 number = {5},
 month = nov,
 year = {1989},
 issn = {0163-5980},
 pages = {123--136},
 numpages = {14},
 url = {http://doi.acm.org/10.1145/74851.74863},
 doi = {10.1145/74851.74863},
 acmid = {74863},
 publisher = {ACM},
 address = {New York, NY, USA},
} 

@inproceedings{Zhang:2009:TPP:1519065.1519076,
 author = {Zhang, Xiao and Dwarkadas, Sandhya and Shen, Kai},
 title = {Towards practical page coloring-based multicore cache management},
 booktitle = {Proceedings of the 4th ACM European conference on Computer systems},
 series = {EuroSys '09},
 year = {2009},
 isbn = {978-1-60558-482-9},
 location = {Nuremberg, Germany},
 pages = {89--102},
 numpages = {14},
 url = {http://doi.acm.org/10.1145/1519065.1519076},
 doi = {10.1145/1519065.1519076},
 acmid = {1519076},
 publisher = {ACM},
 address = {New York, NY, USA},
 keywords = {cache partitioning, multi-core, page coloring, resource management},
} 

@inproceedings{Chilimbi:1999:CSL:301618.301633,
 author = {Chilimbi, Trishul M. and Hill, Mark D. and Larus, James R.},
 title = {Cache-conscious structure layout},
 booktitle = {Proceedings of the ACM SIGPLAN 1999 conference on Programming language design and implementation},
 series = {PLDI '99},
 year = {1999},
 isbn = {1-58113-094-5},
 location = {Atlanta, Georgia, USA},
 pages = {1--12},
 numpages = {12},
 url = {http://doi.acm.org/10.1145/301618.301633},
 doi = {10.1145/301618.301633},
 acmid = {301633},
 publisher = {ACM},
 address = {New York, NY, USA},
 keywords = {cache-conscious allocation, cache-conscious data placement, cache-conscious reorganization, clustering, coloring},
} 

@techreport{Khalidi:1993:VMS:974926,
	author = {Khalidi, Yousef A. and Nelson, Michael N. and Talluri, Madhusudhan and Williams, Dock},
	title = {Virtual Memory Support for Multiple Pages},
	year = {1993},
	publisher = {Sun Microsystems, Inc.},
	address = {Mountain View, CA, USA},
} 

@misc{TheseMarcWolf,
	title = "Analyse math√©matique et num√©rique du syst√®me de la magn√©tohydrodynamique r√©sistive avec termes de champ magn√©tique auto-g√©n√©r√©",
	author = "Marc Wolff",
	url = "http://tel.archives-ouvertes.fr/tel-00632428/"
}

@misc{theseVet,
	title = {Parall√©lisme de t√¢ches et localit√© de donn√©es dans un contexte multi-mod√®le de programmation pour super-calculateurs hi√©rarchiques et h√©t√©rog√®nes},
	author = {Vet Jean-Yves, Carribault Patrick and Cohen Albert},
	year = {2013}
}

@article{Chen1993,
	author = {Chen, J. Bradley and Bershad, Brian N.},
	title = {{The impact of operating system structure on memory system performance}},
	journal = {SIGOPS Oper. Syst. Rev.},
	volume = {27},
	issue = {5},
	month = {December},
	year = {1993},
	issn = {0163-5980},
	pages = {120--133},
	numpages = {14},
	url = {http://doi.acm.org/10.1145/173668.168629},
	doi = {http://doi.acm.org/10.1145/173668.168629},
	acmid = {168629},
}

@inproceedings{Park2007,
	author = {Park, Sangsoo and Shin, Heonshik},
	title = {{Performance evaluation of memory management configurations in Linux for an OS-level
design space exploration}},
	booktitle = {{Proceedings of the 7th international conference on Embedded computer systems:
architectures, modeling, and simulation}},
	series = {SAMOS},
	year = {2007},
	isbn = {3-540-73622-0, 978-3-540-73622-6},
	location = {Samos, Greece},
	pages = {24--33},
	numpages = {10},
	url = {http://portal.acm.org/citation.cfm?id=1776200.1776207},
	acmid = {1776207},
	publisher = {Springer-Verlag},
}

@misc{LinusNotColoring,
	author = {Linus Torvald},
	title = {{LKML, Page Colouring}},
	year = {2003},
	month = {December},
	url = {lkml/2003/12/27/81},
}

@ARTICLE{Fraguela99memoryhierarchy,
    author = {B.B. Fraguela and R. Doallo and E.L. Zapata and Basilio B. Fraguela and Ram On Doallo and Emilio L. Zapata},
    title = {Memory Hierarchy Performance Prediction for Blocked Sparse Algorithms},
    journal = {Parallel Processing Letters},
    year = {1999},
    volume = {9},
    pages = {360}
}

@INPROCEEDINGS{Grunwald93improvingthe,
    author = {Dirk Grunwald and Benjamin Zorn and Robert Henderson},
    title = {Improving the Cache Locality of Memory Allocation},
    booktitle = {},
    year = {1993},
    pages = {177--186},
}

@inproceedings{Dobbelin:2012:ASM:2410139.2410449,
 author = {Dobbelin, Robert and Schutt, Thorsten and Reinefeld, Alexander},
 title = {An Analysis of SMP Memory Allocators: MapReduce on Large Shared-Memory Systems},
 booktitle = {Proceedings of the 2012 41st International Conference on Parallel Processing Workshops},
 series = {ICPPW '12},
 year = {2012},
 isbn = {978-0-7695-4795-4},
 pages = {48--54},
 numpages = {7},
 url = {http://dx.doi.org/10.1109/ICPPW.2012.10},
 doi = {10.1109/ICPPW.2012.10},
 acmid = {2410449},
 publisher = {IEEE Computer Society},
 address = {Washington, DC, USA},
 keywords = {NUMA, memory mangement, mapreduce},
} 

@article{Larson:1998:MAL:301589.286880,
 author = {Larson, Per-Ake and Krishnan, Murali},
 title = {Memory allocation for long-running server applications},
 journal = {SIGPLAN Not.},
 issue_date = {March 1999},
 volume = {34},
 number = {3},
 month = {oct},
 year = {1998},
 issn = {0362-1340},
 pages = {176--185},
 numpages = {10},
 url = {http://doi.acm.org/10.1145/301589.286880},
 doi = {10.1145/301589.286880},
 acmid = {286880},
 publisher = {ACM},
 address = {New York, NY, USA},
 keywords = {cache-conscious algorithms, concurrency, dynamic memory allocation, multiprocessor scalability, reducing lock contention, server applications},
} 

@inproceedings{Lever:2000:MPM:1267724.1267780,
 author = {Lever, Chuck and Boreham, David},
 title = {malloc() performance in a multithreaded Linux environment},
 booktitle = {Proceedings of the annual conference on USENIX Annual Technical Conference},
 series = {ATEC '00},
 year = {2000},
 location = {San Diego, California},
 pages = {56--56},
 numpages = {1},
 url = {http://dl.acm.org/citation.cfm?id=1267724.1267780},
 acmid = {1267780},
 publisher = {USENIX Association},
 address = {Berkeley, CA, USA},
} 

@inproceedings{Ferreira:2011:CMA:2120968.2121679,
 author = {Ferreira, Tais B. and Matias, Rivalino and Mac\^{e}do, Autran and Araujo, Lucio B.},
 title = {A Comparison of Memory Allocators for Multicore and Multithread Applications: A Quantitative Approach},
 booktitle = {Proceedings of the 2011 Brazilian Symposium on Computing System Engineering},
 series = {SBESC '11},
 year = {2011},
 isbn = {978-0-7695-4641-4},
 pages = {200--205},
 numpages = {6},
 url = {http://dx.doi.org/10.1109/SBESC.2011.29},
 doi = {10.1109/SBESC.2011.29},
 acmid = {2121679},
 publisher = {IEEE Computer Society},
 address = {Washington, DC, USA},
 keywords = {memory allocation, memory fragmentation, memory allocator algorithms comparison},
} 

@inproceedings{Biswas:2009:PCB:1621960.1621968,
 author = {Biswas, Susmit and Franklin, Diana and Sherwood, Timothy and Chong, Frederic T. and de Supinski, Bronis R. and Schulz, Martin},
 title = {PSMalloc: content based memory management for MPI applications},
 booktitle = {Proceedings of the 10th workshop on MEmory performance: DEaling with Applications, systems and architecture},
 series = {MEDEA '09},
 year = {2009},
 isbn = {978-1-60558-830-8},
 location = {Raleigh, North Carolina},
 pages = {43--48},
 numpages = {6},
 url = {http://doi.acm.org/10.1145/1621960.1621968},
 doi = {10.1145/1621960.1621968},
 acmid = {1621968},
 publisher = {ACM},
 address = {New York, NY, USA},
} 

@inproceedings{arcangeli:ols09,
	title = {{Increasing memory density by using KSM}},
	author = {Arcangeli, Andrea and Eidus, Izik and Wright, Chris},
	booktitle = {Proceedings of the Linux Symposium},
	citeulike-article-id = {8063239},
	citeulike-linkout-0 = {http://www.kernel.org/doc/ols/2009/ols2009-pages-19-28.pdf},
	day = {13-17},
	keywords = {article, kvm, useful},
	location = {Ottawa, Ontario, Canada},
	month = jul,
	pages = {19--28},
	posted-at = {2010-10-21 14:47:47},
	priority = {2},
	url = {http://www.kernel.org/doc/ols/2009/ols2009-pages-19-28.pdf},
	year = {2009}
}

@book{ModernOperSys3rd,
	title = {{Modern Operating Systems (3rd Edition)}},
	author = {Tanenbaum, Andrew S.},
	citeulike-article-id = {2737534},
	citeulike-linkout-0 = {http://www.amazon.ca/exec/obidos/redirect?tag=citeulike09-20\&amp;path=ASIN/0136006639},
	citeulike-linkout-1 = {http://www.amazon.de/exec/obidos/redirect?tag=citeulike01-21\&amp;path=ASIN/0136006639},
	citeulike-linkout-2 = {http://www.amazon.fr/exec/obidos/redirect?tag=citeulike06-21\&amp;path=ASIN/0136006639},
	citeulike-linkout-3 = {http://www.amazon.jp/exec/obidos/ASIN/0136006639},
	citeulike-linkout-4 = {http://www.amazon.co.uk/exec/obidos/ASIN/0136006639/citeulike00-21},
	citeulike-linkout-5 = {http://www.amazon.com/exec/obidos/redirect?tag=citeulike07-20\&path=ASIN/0136006639},
	citeulike-linkout-6 = {http://www.worldcat.org/isbn/0136006639},
	citeulike-linkout-7 = {http://books.google.com/books?vid=ISBN0136006639},
	citeulike-linkout-8 = {http://www.amazon.com/gp/search?keywords=0136006639\&index=books\&linkCode=qs},
	citeulike-linkout-9 = {http://www.librarything.com/isbn/0136006639},
	day = {21},
	howpublished = {Hardcover},
	isbn = {0136006639},
	month = dec,
	posted-at = {2008-07-08 20:05:13},
	priority = {2},
	publisher = {{Prentice Hall}},
	url = {http://www.worldcat.org/isbn/0136006639},
	year = {2007}
}

@inproceedings{Feeley:1990:PVM:91556.91606,
 author = {Feeley, Marc and Miller, James S.},
 title = {A parallel virtual machine for efficient scheme compilation},
 booktitle = {Proceedings of the 1990 ACM conference on LISP and functional programming},
 series = {LFP '90},
 year = {1990},
 isbn = {0-89791-368-X},
 location = {Nice, France},
 pages = {119--130},
 numpages = {12},
 url = {http://doi.acm.org/10.1145/91556.91606},
 doi = {10.1145/91556.91606},
 acmid = {91606},
 publisher = {ACM},
 address = {New York, NY, USA},
} 

%% hal-00799904, version 1
%% http://hal.inria.fr/hal-00799904

@incollection{openmpi,
	year={2004},
	isbn={978-3-540-23163-9},
	booktitle={Recent Advances in Parallel Virtual Machine and Message Passing Interface},
	volume={3241},
	series={Lecture Notes in Computer Science},
	editor={Kranzlm√ºller, Dieter and Kacsuk, P√©ter and Dongarra, Jack},
	doi={10.1007/978-3-540-30218-6_19},
	title={Open MPI: Goals, Concept, and Design of a Next Generation MPI Implementation},
	url={http://dx.doi.org/10.1007/978-3-540-30218-6_19},
	publisher={Springer Berlin Heidelberg},
	author={Gabriel, Edgar and Fagg, GrahamE. and Bosilca, George and Angskun, Thara and Dongarra,
JackJ. and Squyres, JeffreyM. and Sahay, Vishal and Kambadur, Prabhanjan and Barrett, Brian and
Lumsdaine, Andrew and Castain, RalphH. and Daniel, DavidJ. and Graham, RichardL. and Woodall,
TimothyS.},
	pages={97-104}
}

@article{Gropp:1996:HPI:244366.244368,
 author = {Gropp, William and Lusk, Ewing and Doss, Nathan and Skjellum, Anthony},
 title = {A high-performance, portable implementation of the MPI message passing interface standard},
 journal = {Parallel Comput.},
 issue_date = {Sept. 1996},
 volume = {22},
 number = {6},
 month = {sep},
 year = {1996},
 issn = {0167-8191},
 pages = {789--828},
 numpages = {40},
 url = {http://dx.doi.org/10.1016/0167-8191(96)00024-5},
 doi = {10.1016/0167-8191(96)00024-5},
 acmid = {244368},
 publisher = {Elsevier Science Publishers B. V.},
 address = {Amsterdam, The Netherlands, The Netherlands},
 keywords = {MPI-2, benchmark, message passing interface, parallel programming environment, performance, portability},
} 

@inproceedings{1281003,
author = {PAUL E. MCKENNEY and JOHN D. SLINGWINE},
title = {{READ-COPY UPDATE: USING EXECUTION HISTORY TO SOLVE CONCURRENCY PROBLEMS}},
booktitle = {Parallel and Distributed Computing Systems},
year = {1998},
masid = {1281003}
}

@inproceedings{Yang:2011:WNM:2048066.2048092,
 author = {Yang, Xi and Blackburn, Stephen M. and Frampton, Daniel and Sartor, Jennifer B. and McKinley, Kathryn S.},
 title = {Why nothing matters: the impact of zeroing},
 booktitle = {Proceedings of the 2011 ACM international conference on Object oriented programming systems languages and applications},
 series = {OOPSLA '11},
 year = {2011},
 isbn = {978-1-4503-0940-0},
 location = {Portland, Oregon, USA},
 pages = {307--324},
 numpages = {18},
 url = {http://doi.acm.org/10.1145/2048066.2048092},
 doi = {10.1145/2048066.2048092},
 acmid = {2048092},
 publisher = {ACM},
 address = {New York, NY, USA},
 keywords = {memory safety, zero initialization},
} 

@misc {stagevhp,
	author = {Valat S. and P√©rache M.},
	title = {Optimisation de l‚Äôutilisation des caches L2/L3 et meilleure distribution des pages : prototypage d‚Äôun module noyau Linux}
}

@article{Habib:2008:VK:1344209.1344217,
 author = {Habib, Irfan},
 title = {Virtualization with KVM},
 journal = {Linux J.},
 issue_date = {February 2008},
 volume = {2008},
 number = {166},
 month = feb,
 year = {2008},
 issn = {1075-3583},
 articleno = {8},
 url = {http://dl.acm.org/citation.cfm?id=1344209.1344217},
 acmid = {1344217},
 publisher = {Belltown Media},
 address = {Houston, TX},
} 

@inproceedings{Waldspurger:2002:MRM:1060289.1060307,
 author = {Waldspurger, Carl A.},
 title = {Memory resource management in VMware ESX server},
 booktitle = {Proceedings of the 5th symposium on Operating systems design and implementation
Copyright restrictions prevent ACM from being able to make the PDFs for this conference available for downloading
},
 series = {OSDI '02},
 year = {2002},
 isbn = {978-1-4503-0111-4},
 location = {Boston, Massachusetts},
 pages = {181--194},
 numpages = {14},
 url = {http://doi.acm.org/10.1145/1060289.1060307},
 doi = {10.1145/1060289.1060307},
 acmid = {1060307},
 publisher = {ACM},
 address = {New York, NY, USA},
} 


@book{BooksLLC:2010:FMM:1941335,
 author = {Books LLC},
 title = {Free Memory Management Software: Valgrind, Memcached, Mtrace, Leb128, Splint, Duma, Electric Fence, Memory Pool System, Mpatrol, Memwatch},
 year = {2010},
 isbn = {115706471X, 9781157064718},
 publisher = {Books Nippan},
} 

@inproceedings{Mirgorodskiy:2006:PDL:1188455.1188548,
 author = {Mirgorodskiy, Alexander V. and Maruyama, Naoya and Miller, Barton P.},
 title = {Problem diagnosis in large-scale computing environments},
 booktitle = {Proceedings of the 2006 ACM/IEEE conference on Supercomputing},
 series = {SC '06},
 year = {2006},
 isbn = {0-7695-2700-0},
 location = {Tampa, Florida},
 articleno = {88},
 url = {http://doi.acm.org/10.1145/1188455.1188548},
 doi = {10.1145/1188455.1188548},
 acmid = {1188548},
 publisher = {ACM},
 address = {New York, NY, USA},
} 

@inproceedings{Huang:2010:XSL:1900726.1901485,
 author = {Huang, Xiaohuang and Rodrigues, Christopher I. and Jones, Stephen and Buck, Ian and Hwu, Wen-mei},
 title = {XMalloc: A Scalable Lock-free Dynamic Memory Allocator for Many-core Machines},
 booktitle = {Proceedings of the 2010 10th IEEE International Conference on Computer and Information Technology},
 series = {CIT '10},
 year = {2010},
 isbn = {978-0-7695-4108-2},
 pages = {1134--1139},
 numpages = {6},
 url = {http://dx.doi.org/10.1109/CIT.2010.206},
 doi = {10.1109/CIT.2010.206},
 acmid = {1901485},
 publisher = {IEEE Computer Society},
 address = {Washington, DC, USA},
 keywords = {malloc, CUDA, GPGPU, lock-free, async-signalsafe, availability, scalability},
} 

@inproceedings{Seo:2011:SLM:2120965.2121453,
 author = {Seo, Sangmin and Kim, Junghyun and Lee, Jaejin},
 title = {SFMalloc: A Lock-Free and Mostly Synchronization-Free Dynamic Memory Allocator for Manycores},
 booktitle = {Proceedings of the 2011 International Conference on Parallel Architectures and Compilation Techniques},
 series = {PACT '11},
 year = {2011},
 isbn = {978-0-7695-4566-0},
 pages = {253--263},
 numpages = {11},
 url = {http://dx.doi.org/10.1109/PACT.2011.57},
 doi = {10.1109/PACT.2011.57},
 acmid = {2121453},
 publisher = {IEEE Computer Society},
 address = {Washington, DC, USA},
 keywords = {dynamic memory management, concurrent memory allocator, lock-free, synchronization-free, caching, manycore},
} 

@inproceedings{Lee:2011:FLU:2014696.2014742,
 author = {Lee, Dongwoo and Kim, Junghoon and Kim, Ungmo and Eom, Young Ik and Jun, Hyung Kook and Kim, Won Tae},
 title = {A Fast Lock-Free User Memory Space Allocator for Embedded Systems},
 booktitle = {Proceedings of the 2011 International Conference on Computational Science and Its Applications},
 series = {ICCSA '11},
 year = {2011},
 isbn = {978-0-7695-4404-5},
 pages = {227--230},
 numpages = {4},
 url = {http://dx.doi.org/10.1109/ICCSA.2011.46},
 doi = {10.1109/ICCSA.2011.46},
 acmid = {2014742},
 publisher = {IEEE Computer Society},
 address = {Washington, DC, USA},
 keywords = {lockfree, dynamic memory allocator, embeded system},
} 

@inproceedings{Michael:2004:SLD:996841.996848,
 author = {Michael, Maged M.},
 title = {Scalable lock-free dynamic memory allocation},
 booktitle = {Proceedings of the ACM SIGPLAN 2004 conference on Programming language design and implementation},
 series = {PLDI '04},
 year = {2004},
 isbn = {1-58113-807-5},
 location = {Washington DC, USA},
 pages = {35--46},
 numpages = {12},
 url = {http://doi.acm.org/10.1145/996841.996848},
 doi = {10.1145/996841.996848},
 acmid = {996848},
 publisher = {ACM},
 address = {New York, NY, USA},
 keywords = {async-signal-safe, availability, lock-free, malloc},
} 

@inproceedings{Larson:1998:MAL:286860.286880,
 author = {Larson, Per-\AAke and Krishnan, Murali},
 title = {Memory allocation for long-running server applications},
 booktitle = {Proceedings of the 1st international symposium on Memory management},
 series = {ISMM '98},
 year = {1998},
 isbn = {1-58113-114-3},
 location = {Vancouver, British Columbia, Canada},
 pages = {176--185},
 numpages = {10},
 url = {http://doi.acm.org/10.1145/286860.286880},
 doi = {10.1145/286860.286880},
 acmid = {286880},
 publisher = {ACM},
 address = {New York, NY, USA},
 keywords = {cache-conscious algorithms, concurrency, dynamic memory allocation, multiprocessor scalability, reducing lock contention, server applications},
} 

%%ADD TO FUSION ET SCISSION PART
@article{Knowlton:1965:FSA:365628.365655,
 author = {Knowlton, Kenneth C.},
 title = {A fast storage allocator},
 journal = {Commun. ACM},
 issue_date = {Oct. 1965},
 volume = {8},
 number = {10},
 month = oct,
 year = {1965},
 issn = {0001-0782},
 pages = {623--624},
 numpages = {2},
 url = {http://doi.acm.org/10.1145/365628.365655},
 doi = {10.1145/365628.365655},
 acmid = {365655},
 publisher = {ACM},
 address = {New York, NY, USA},
} 

@article{Peterson:1977:BS:359605.359626,
 author = {Peterson, James L. and Norman, Theodore A.},
 title = {Buddy systems},
 journal = {Commun. ACM},
 issue_date = {June 1977},
 volume = {20},
 number = {6},
 month = {jun},
 year = {1977},
 issn = {0001-0782},
 pages = {421--431},
 numpages = {11},
 url = {http://doi.acm.org/10.1145/359605.359626},
 doi = {10.1145/359605.359626},
 acmid = {359626},
 publisher = {ACM},
 address = {New York, NY, USA},
 keywords = {Fibonacci buddy system, buddy system, dynamic storage allocation, fragmentation, weighted buddy system},
} 
