 
@ARTICLE{7118260, 
author={D. H. Cámpora Pérez and R. Schwemmer and N. Neufeld}, 
journal={IEEE Transactions on Nuclear Science}, 
title={Protocol-Independent Event Building Evaluator for the LHCb DAQ System}, 
year={2015}, 
volume={62}, 
number={3}, 
pages={1110-1114}, 
keywords={data acquisition;high energy physics instrumentation computing;local area networks;protocols;readout electronics;topology;InfiniBand FDR multirail based LAN network setup;transport protocols;DAQPIPE;DAQ protocol-independent performance evaluator;transport independent emulation software;topology;Event Building protocols;Event Building network;high-bandwidth data-centre switches;single-duplex per node;design bandwidth;data filtering;receive data;PC-based readout system;DAQ network;CPU power;all-software trigger-free readout;complex real-time system;LHCb DAQ system;protocol-independent event building evaluator;Protocols;Throughput;Data acquisition;Servers;Buildings;Scalability;Software;Computer networks;data acquisition;message passing;next generation networking;parallel programming}, 
doi={10.1109/TNS.2015.2428891}, 
ISSN={0018-9499}, 
month={June},}


  	
@article{1742-6596-664-5-052030,
  author={Adam Otto and Daniel Hugo Cámpora Pérez and Niko Neufeld and Rainer Schwemmer and Flavio Pisani},
  title={A first look at 100 Gbps LAN technologies, with an emphasis on future DAQ applications.},
  journal={Journal of Physics: Conference Series},
  volume={664},
  number={5},
  pages={052030},
  url={http://stacks.iop.org/1742-6596/664/i=5/a=052030},
  year={2015},
  abstract={The LHCb experiment is preparing a major upgrade, during long shutdown 2 in 2018, of both the detector and the data acquisition system. A system capable of transporting up to 50 Tbps of data will be required. This can only be achieved in a manageable way using 100 Gbps links. Such links recently became available also in the servers, while they have been available between switches already for a while. We present first measurements with such links using standard benchmarks and using a prototype event-building application. We analyse the CPU load effects by using Remote DMA technologies, and we also show comparison with previous tests on 40G equipment.}
}

@techreport{CERN-LHCC-2014-016,
      title         = "{LHCb Trigger and Online Upgrade Technical Design Report}",
      number        = "CERN-LHCC-2014-016. LHCB-TDR-016",
      month         = "May",
      year          = "2014",
      reportNumber  = "CERN-LHCC-2014-016",
      url           = "https://cds.cern.ch/record/1701361",
}

@article{Otto:2134590,
      author        = "Otto, Adam and Pérez, Daniel Hugo C and Neufeld, Niko and
                       Schwemmer, Rainer and Pisani, Flavio",
      title         = "{A first look at 100 Gbps LAN technologies, with an
                       emphasis on future DAQ applications.}",
      journal       = "J. Phys.: Conf. Ser.",
      number        = "5",
      volume        = "664",
      pages         = "052030. 7 p",
      year          = "2015",
      url           = "https://cds.cern.ch/record/2134590",
}

@article{Dongarra:1992:PVC:141868.141871,
	author = {Dongarra, Jack J.},
	title = {Performance of Various Computers Using Standard Linear Equations Software},
	journal = {SIGARCH Comput. Archit. News},
	issue_date = {June 1992},
	volume = {20},
	number = {3},
	month = jun,
	year = {1992},
	issn = {0163-5964},
	pages = {22--44},
	numpages = {23},
	url = {http://doi.acm.org/10.1145/141868.141871},
	doi = {10.1145/141868.141871},
	acmid = {141871},
	publisher = {ACM},
	address = {New York, NY, USA},
} 

@ARTICLE{7093208, 
author={T. Bawej and U. Behrens and J. Branson and O. Chaze and S. Cittolin and G. Darlea and C. Deldicque and M. Dobson and A. Dupont and S. Erhan and A. Forrest and D. Gigi and F. Glege and G. Gomez-Ceballos and R. Gomez-Reino and J. Hegeman and A. Holzner and L. Masetti and F. Meijers and E. Meschi and R. K. Mommsen and S. Morovic and C. Nunez-Barranco-Fernandez and V. O’Dell and L. Orsini and C. Paus and A. Petrucci and M. Pieri and A. Racz and H. Sakulin and C. Schwick and B. Stieger and K. Sumorok and J. Veverka and C. C. Wakefield and P. Zejdl}, 
journal={IEEE Transactions on Nuclear Science}, 
title={Achieving High Performance With TCP Over 40 GbE on NUMA Architectures for CMS Data Acquisition}, 
year={2015}, 
volume={62}, 
number={3}, 
pages={1091-1098}, 
keywords={data acquisition;high energy physics instrumentation computing;TCP;NUMA architecture;CMS data acquisition;socket abstraction;multicore era;NonUniform Memory Access;efficiency;scalability;CPU affinity;memory affinity;CMS DAQ system;Data acquisition;Computer architecture;Large Hadron Collider;Software;Sockets;Libraries;Protocols;Data acquisition systems;data communication;distributed computing;fast networks;high energy physics computing;software performance}, 
doi={10.1109/TNS.2015.2409898}, 
ISSN={0018-9499}, 
month={June},}

@INPROCEEDINGS{7097492, 
author={P. Durante and N. Neufeld and R. Schwemmer and U. Marconi and G. Balbi and I. Lax}, 
booktitle={2014 19th IEEE-NPSS Real Time Conference}, 
title={100Gbps PCI-express readout for the LHCb upgrade}, 
year={2014}, 
volume={}, 
number={}, 
pages={1-3}, 
keywords={data acquisition;peripheral interfaces;printed circuit interconnections;readout electronics;PCI-express readout;LHCb upgrade;new data acquisition system;CERN;readout boards;PCIe40;interconnect technology;high speed readout;throughput measurements;PCI-express bus;Altera Stratix 5 devices;Direct Memory Access;hardware design;software design;bit rate 100 Gbit/s;Field programmable gate arrays;Data acquisition;Throughput;Registers;Protocols;Memory management;Control systems}, 
doi={10.1109/RTC.2014.7097492}, 
ISSN={}, 
month={May},}

@ARTICLE{4378339, 
author={J. Mcdonough}, 
journal={IEEE Communications Magazine}, 
title={Moving standards to 100 Gbe and beyond}, 
year={2007}, 
volume={45}, 
number={11}, 
pages={6-9}, 
keywords={optical fibre LAN;protocols;ubiquitous computing;wide area networks;Ethernet;local area network;LAN;wide area network;WAN;ubiquitous end-to-end protocol;IEEE 802.3;project authorization request;optical transport network;bit rate 100 Gbit/s;Optical network units;Space technology;Standards development;Standardization;Containers;Wide area networks;Optical interconnections;Optical fiber networks;Physical layer;Costs}, 
doi={10.1109/MCOM.2007.4378339}, 
ISSN={0163-6804}, 
month={November},}
